{"ts": 1720182636.0, "bids": [[0.00475, 55179.2], [0.00464, 364666.56], [0.00463, 5932.12], [0.00414, 40820.04], [0.00413, 54657.66], [0.00412, 7593.37], [0.00344, 291407.26], [0.00343, 10718.13], [0.003, 16699.96], [0.00285, 12280.7], [0.00261, 114942.52], [0.0026, 927353.84], [0.00181, 1012436.46], [0.00167, 2062293.46], [0.0015, 19755.93], [0.00145, 52482.75], [0.00135, 11940.74], [0.00127, 18940.93], [0.00126, 22320.63], [0.00122, 17631.14], [0.00121, 17768.59], [0.0012, 23852.05], [0.00116, 10038.79], [0.00114, 63374.87], [0.00108, 8449.53], [0.00104, 20692.3], [0.00103, 17020.38], [0.00102, 12784.31], [0.00096, 2407907.35], [0.0006, 2430133.31], [0.0001, 50098.16], [4e-05, 125000.0]], "asks": [[0.0059, 24736.9], [0.00591, 10470.08], [0.00593, 8921.2], [0.00607, 1528.81], [0.0061, 8287.25], [0.0066, 1433.12], [0.0067, 3025.83], [0.00742, 20655.74], [0.00743, 2102.7], [0.00912, 1588.71], [0.00952, 14072.16], [0.00985, 27692.52], [0.00986, 628.46], [0.013, 877.8], [0.01308, 1612.78], [0.01312, 1600.8], [0.01332, 6635.54], [0.01387, 10098.2], [0.014, 9241.71], [0.01421, 1536.92], [0.01424, 1741.83], [0.0143, 3167.77], [0.01443, 1681.8], [0.016, 44895.44], [0.01608, 4966.64], [0.01617, 5058.54], [0.01747, 1612.79], [0.01843, 7222.6], [0.01999, 4472.19], [0.02012, 1766.84], [0.02336, 1345.09], [0.026, 213.67], [0.027, 6939.37], [0.02705, 1888.82], [0.03099, 7101.02], [0.031, 22029.42], [0.0395, 218.2], [0.04, 218.19], [0.0453, 121.8], [0.05, 842.36], [0.0501, 200.01], [0.05087, 1189.84], [0.05097, 2408.5], [0.05113, 2408.5], [0.0519, 2410.91], [0.05204, 2410.91], [0.05217, 746.89], [0.0532, 353.35], [0.055, 1848.45], [0.06, 1052.74]]}{"ts": 1720182637.0, "bids": [[0.00475, 55179.2], [0.00464, 364666.56], [0.00463, 5932.12], [0.00414, 40820.04], [0.00413, 54657.66], [0.00412, 7593.37], [0.00344, 291407.26], [0.00343, 10718.13], [0.003, 16699.96], [0.00285, 12280.7], [0.00261, 114942.52], [0.0026, 927353.84], [0.00181, 1012436.46], [0.00167, 2062293.46], [0.0015, 19755.93], [0.00145, 52482.75], [0.00135, 11940.74], [0.00127, 18940.93], [0.00126, 22320.63], [0.00122, 17631.14], [0.00121, 17768.59], [0.0012, 23852.05], [0.00116, 10038.79], [0.00114, 63374.87], [0.00108, 8449.53], [0.00104, 20692.3], [0.00103, 17020.38], [0.00102, 12784.31], [0.00096, 2407907.35], [0.0006, 2430133.31], [0.0001, 50098.16], [4e-05, 125000.0]], "asks": [[0.0059, 31469.82], [0.00593, 2188.28], [0.00607, 1528.81], [0.0061, 8287.25], [0.0066, 1433.12], [0.0067, 3025.83], [0.00742, 20655.74], [0.00743, 2102.7], [0.00912, 1588.71], [0.00952, 14072.16], [0.00985, 27692.52], [0.00986, 628.46], [0.013, 877.8], [0.01308, 1612.78], [0.01312, 1600.8], [0.01332, 6635.54], [0.01387, 10098.2], [0.014, 9241.71], [0.01421, 1536.92], [0.01424, 1741.83], [0.0143, 3167.77], [0.01443, 1681.8], [0.016, 44895.44], [0.01608, 4966.64], [0.01617, 5058.54], [0.01747, 1612.79], [0.01843, 7222.6], [0.01999, 4472.19], [0.02012, 1766.84], [0.02336, 1345.09], [0.026, 213.67], [0.027, 6939.37], [0.02705, 1888.82], [0.03099, 7101.02], [0.031, 22029.42], [0.0395, 218.2], [0.04, 218.19], [0.0453, 121.8], [0.05, 842.36], [0.0501, 200.01], [0.05087, 1189.84], [0.05097, 2408.5], [0.05113, 2408.5], [0.0519, 2410.91], [0.05204, 2410.91], [0.05217, 746.89], [0.0532, 353.35], [0.055, 1848.45], [0.06, 1052.74], [0.0609, 327.86]]}
{"ts": 1720182638.0, "bids": [[0.00475, 55179.2], [0.00464, 364666.56], [0.00463, 5932.12], [0.00414, 40820.04], [0.00413, 54657.66], [0.00412, 7593.37], [0.00344, 291407.26], [0.00343, 10718.13], [0.003, 16699.96], [0.00285, 12280.7], [0.00261, 114942.52], [0.0026, 927353.84], [0.00181, 1012436.46], [0.00167, 2062293.46], [0.0015, 19755.93], [0.00145, 52482.75], [0.00135, 11940.74], [0.00127, 18940.93], [0.00126, 22320.63], [0.00122, 17631.14], [0.00121, 17768.59], [0.0012, 23852.05], [0.00116, 10038.79], [0.00114, 63374.87], [0.00108, 8449.53], [0.00104, 20692.3], [0.00103, 17020.38], [0.00102, 12784.31], [0.00096, 2407907.35], [0.0006, 2430133.31], [0.0001, 50098.16], [4e-05, 125000.0]], "asks": [[0.00588, 18484.28], [0.00589, 10470.08], [0.0059, 12985.54], [0.00593, 2188.28], [0.00607, 1528.81], [0.0061, 8287.25], [0.0066, 1433.12], [0.0067, 3025.83], [0.00742, 20655.74], [0.00743, 2102.7], [0.00912, 1588.71], [0.00952, 14072.16], [0.00985, 27692.52], [0.00986, 628.46], [0.013, 877.8], [0.01308, 1612.78], [0.01312, 1600.8], [0.01332, 6635.54], [0.01387, 10098.2], [0.014, 9241.71], [0.01421, 1536.92], [0.01424, 1741.83], [0.0143, 3167.77], [0.01443, 1681.8], [0.016, 44895.44], [0.01608, 4966.64], [0.01617, 5058.54], [0.01747, 1612.79], [0.01843, 7222.6], [0.01999, 4472.19], [0.02012, 1766.84], [0.02336, 1345.09], [0.026, 213.67], [0.027, 6939.37], [0.02705, 1888.82], [0.03099, 7101.02], [0.031, 22029.42], [0.0395, 218.2], [0.04, 218.19], [0.0453, 121.8], [0.05, 842.36], [0.0501, 200.01], [0.05087, 1189.84], [0.05097, 2408.5], [0.05113, 2408.5], [0.0519, 2410.91], [0.05204, 2410.91], [0.05217, 746.89], [0.0532, 353.35], [0.055, 1848.45]]}
{"ts": 1720182639.0, "bids": [[0.00475, 55179.2], [0.00464, 364666.56], [0.00463, 5932.12], [0.00414, 40820.04], [0.00413, 54657.66], [0.00412, 7593.37], [0.00344, 291407.26], [0.00343, 10718.13], [0.003, 16699.96], [0.00285, 12280.7], [0.00261, 114942.52], [0.0026, 927353.84], [0.00181, 1012436.46], [0.00167, 2062293.46], [0.0015, 19755.93], [0.00145, 52482.75], [0.00135, 11940.74], [0.00127, 18940.93], [0.00126, 22320.63], [0.00122, 17631.14], [0.00121, 17768.59], [0.0012, 23852.05], [0.00116, 10038.79], [0.00114, 63374.87], [0.00108, 8449.53], [0.00104, 20692.3], [0.00103, 17020.38], [0.00102, 12784.31], [0.00096, 2407907.35], [0.0006, 2430133.31], [0.0001, 50098.16], [4e-05, 125000.0]], "asks": [[0.00586, 18484.28], [0.00587, 17203.0], [0.0059, 6252.62], [0.00607, 1528.81], [0.0061, 8287.25], [0.0066, 1433.12], [0.0067, 3025.83], [0.00742, 20655.74], [0.00743, 2102.7], [0.00912, 1588.71], [0.00952, 14072.16], [0.00985, 27692.52], [0.00986, 628.46], [0.013, 877.8], [0.01308, 1612.78], [0.01312, 1600.8], [0.01332, 6635.54], [0.01387, 10098.2], [0.014, 9241.71], [0.01421, 1536.92], [0.01424, 1741.83], [0.0143, 3167.77], [0.01443, 1681.8], [0.016, 44895.44], [0.01608, 4966.64], [0.01617, 5058.54], [0.01747, 1612.79], [0.01843, 7222.6], [0.01999, 4472.19], [0.02012, 1766.84], [0.02336, 1345.09], [0.026, 213.67], [0.027, 6939.37], [0.02705, 1888.82], [0.03099, 7101.02], [0.031, 22029.42], [0.0395, 218.2], [0.04, 218.19], [0.0453, 121.8], [0.05, 842.36], [0.0501, 200.01], [0.05087, 1189.84], [0.05097, 2408.5], [0.05113, 2408.5], [0.0519, 2410.91], [0.05204, 2410.91], [0.05217, 746.89], [0.0532, 353.35], [0.055, 1848.45], [0.06, 1052.74]]}
{"ts": 1720182640.0, "bids": [[0.00475, 55179.2], [0.00464, 364666.56], [0.00463, 5932.12], [0.00414, 40820.04], [0.00413, 54657.66], [0.00412, 7593.37], [0.00344, 291407.26], [0.00343, 10718.13], [0.003, 16699.96], [0.00285, 12280.7], [0.00261, 114942.52], [0.0026, 927353.84], [0.00181, 1012436.46], [0.00167, 2062293.46], [0.0015, 19755.93], [0.00145, 52482.75], [0.00135, 11940.74], [0.00127, 18940.93], [0.00126, 22320.63], [0.00122, 17631.14], [0.00121, 17768.59], [0.0012, 23852.05], [0.00116, 10038.79], [0.00114, 63374.87], [0.00108, 8449.53], [0.00104, 20692.3], [0.00103, 17020.38], [0.00102, 12784.31], [0.00096, 2407907.35], [0.0006, 2430133.31], [0.0001, 50098.16], [4e-05, 125000.0]], "asks": [[0.00584, 18484.28], [0.00585, 10470.08], [0.00587, 6732.92], [0.00607, 1528.81], [0.0061, 8287.25], [0.0066, 1433.12], [0.0067, 3025.83], [0.00742, 20655.74], [0.00743, 2102.7], [0.00912, 1588.71], [0.00952, 14072.16], [0.00985, 27692.52], [0.00986, 628.46], [0.013, 877.8], [0.01308, 1612.78], [0.01312, 1600.8], [0.01332, 6635.54], [0.01387, 10098.2], [0.014, 9241.71], [0.01421, 1536.92], [0.01424, 1741.83], [0.0143, 3167.77], [0.01443, 1681.8], [0.016, 44895.44], [0.01608, 4966.64], [0.01617, 5058.54], [0.01747, 1612.79], [0.01843, 7222.6], [0.01999, 4472.19], [0.02012, 1766.84], [0.02336, 1345.09], [0.026, 213.67], [0.027, 6939.37], [0.02705, 1888.82], [0.03099, 7101.02], [0.031, 22029.42], [0.0395, 218.2], [0.04, 218.19], [0.0453, 121.8], [0.05, 842.36], [0.0501, 200.01], [0.05087, 1189.84], [0.05097, 2408.5], [0.05113, 2408.5], [0.0519, 2410.91], [0.05204, 2410.91], [0.05217, 746.89], [0.0532, 353.35], [0.055, 1848.45], [0.06, 1052.74]]}
{"ts": 1720182641.0, "bids": [[0.00475, 55179.2], [0.00464, 364666.56], [0.00463, 5932.12], [0.00414, 40820.04], [0.00413, 54657.66], [0.00412, 7593.37], [0.00344, 291407.26], [0.00343, 10718.13], [0.003, 16699.96], [0.00285, 12280.7], [0.00261, 114942.52], [0.0026, 927353.84], [0.00181, 1012436.46], [0.00167, 2062293.46], [0.0015, 19755.93], [0.00145, 52482.75], [0.00135, 11940.74], [0.00127, 18940.93], [0.00126, 22320.63], [0.00122, 17631.14], [0.00121, 17768.59], [0.0012, 23852.05], [0.00116, 10038.79], [0.00114, 63374.87], [0.00108, 8449.53], [0.00104, 20692.3], [0.00103, 17020.38], [0.00102, 12784.31], [0.00096, 2407907.35], [0.0006, 2430133.31], [0.0001, 50098.16], [4e-05, 125000.0]], "asks": [[0.00582, 18484.28], [0.00583, 10470.08], [0.00607, 1528.81], [0.0061, 8287.25], [0.0066, 1433.12], [0.0067, 3025.83], [0.00742, 20655.74], [0.00743, 2102.7], [0.00912, 1588.71], [0.00952, 14072.16], [0.00985, 27692.52], [0.00986, 628.46], [0.013, 877.8], [0.01308, 1612.78], [0.01312, 1600.8], [0.01332, 6635.54], [0.01387, 10098.2], [0.014, 9241.71], [0.01421, 1536.92], [0.01424, 1741.83], [0.0143, 3167.77], [0.01443, 1681.8], [0.016, 44895.44], [0.01608, 4966.64], [0.01617, 5058.54], [0.01747, 1612.79], [0.01843, 7222.6], [0.01999, 4472.19], [0.02012, 1766.84], [0.02336, 1345.09], [0.026, 213.67], [0.027, 6939.37], [0.02705, 1888.82], [0.03099, 7101.02], [0.031, 22029.42], [0.0395, 218.2], [0.04, 218.19], [0.0453, 121.8], [0.05, 842.36], [0.0501, 200.01], [0.05087, 1189.84], [0.05097, 2408.5], [0.05113, 2408.5], [0.0519, 2410.91], [0.05204, 2410.91], [0.05217, 746.89], [0.0532, 353.35], [0.055, 1848.45], [0.06, 1052.74], [0.0609, 327.86]]}
{"ts": 1720182642.0, "bids": [[0.00475, 55179.2], [0.00464, 364666.56], [0.00463, 5932.12], [0.00414, 40820.04], [0.00413, 54657.66], [0.00412, 7593.37], [0.00344, 291407.26], [0.00343, 10718.13], [0.003, 16699.96], [0.00285, 12280.7], [0.00261, 114942.52], [0.0026, 927353.84], [0.00181, 1012436.46], [0.00167, 2062293.46], [0.0015, 19755.93], [0.00145, 52482.75], [0.00135, 11940.74], [0.00127, 18940.93], [0.00126, 22320.63], [0.00122, 17631.14], [0.00121, 17768.59], [0.0012, 23852.05], [0.00116, 10038.79], [0.00114, 63374.87], [0.00108, 8449.53], [0.00104, 20692.3], [0.00103, 17020.38], [0.00102, 12784.31], [0.00096, 2407907.35], [0.0006, 2430133.31], [0.0001, 50098.16], [4e-05, 125000.0]], "asks": [[0.00582, 18484.28], [0.00583, 6732.92], [0.00607, 1528.81], [0.0061, 8287.25], [0.0066, 1433.12], [0.0067, 3025.83], [0.00742, 20655.74], [0.00743, 2102.7], [0.00912, 1588.71], [0.00952, 14072.16], [0.00985, 27692.52], [0.00986, 628.46], [0.013, 877.8], [0.01308, 1612.78], [0.01312, 1600.8], [0.01332, 6635.54], [0.01387, 10098.2], [0.014, 9241.71], [0.01421, 1536.92], [0.01424, 1741.83], [0.0143, 3167.77], [0.01443, 1681.8], [0.016, 44895.44], [0.01608, 4966.64], [0.01617, 5058.54], [0.01747, 1612.79], [0.01843, 7222.6], [0.01999, 4472.19], [0.02012, 1766.84], [0.02336, 1345.09], [0.026, 213.67], [0.027, 6939.37], [0.02705, 1888.82], [0.03099, 7101.02], [0.031, 22029.42], [0.0395, 218.2], [0.04, 218.19], [0.0453, 121.8], [0.05, 842.36], [0.0501, 200.01], [0.05087, 1189.84], [0.05097, 2408.5], [0.05113, 2408.5], [0.0519, 2410.91], [0.05204, 2410.91], [0.05217, 746.89], [0.0532, 353.35], [0.055, 1848.45], [0.06, 1052.74], [0.0609, 327.86]]}
{"ts": 1720182643.0, "bids": [[0.00475, 55179.2], [0.00464, 364666.56], [0.00463, 5932.12], [0.00414, 40820.04], [0.00413, 54657.66], [0.00412, 7593.37], [0.00344, 291407.26], [0.00343, 10718.13], [0.003, 16699.96], [0.00285, 12280.7], [0.00261, 114942.52], [0.0026, 927353.84], [0.00181, 1012436.46], [0.00167, 2062293.46], [0.0015, 19755.93], [0.00145, 52482.75], [0.00135, 11940.74], [0.00127, 18940.93], [0.00126, 22320.63], [0.00122, 17631.14], [0.00121, 17768.59], [0.0012, 23852.05], [0.00116, 10038.79], [0.00114, 63374.87], [0.00108, 8449.53], [0.00104, 20692.3], [0.00103, 17020.38], [0.00102, 12784.31], [0.00096, 2407907.35], [0.0006, 2430133.31], [0.0001, 50098.16], [4e-05, 125000.0]], "asks": [[0.0058, 18484.28], [0.00581, 6252.62], [0.00583, 6732.92], [0.00607, 1528.81], [0.0061, 8287.25], [0.0066, 1433.12], [0.0067, 3025.83], [0.00742, 20655.74], [0.00743, 2102.7], [0.00912, 1588.71], [0.00952, 14072.16], [0.00985, 27692.52], [0.00986, 628.46], [0.013, 877.8], [0.01308, 1612.78], [0.01312, 1600.8], [0.01332, 6635.54], [0.01387, 10098.2], [0.014, 9241.71], [0.01421, 1536.92], [0.01424, 1741.83], [0.0143, 3167.77], [0.01443, 1681.8], [0.016, 44895.44], [0.01608, 4966.64], [0.01617, 5058.54], [0.01747, 1612.79], [0.01843, 7222.6], [0.01999, 4472.19], [0.02012, 1766.84], [0.02336, 1345.09], [0.026, 213.67], [0.027, 6939.37], [0.02705, 1888.82], [0.03099, 7101.02], [0.031, 22029.42], [0.0395, 218.2], [0.04, 218.19], [0.0453, 121.8], [0.05, 842.36], [0.0501, 200.01], [0.05087, 1189.84], [0.05097, 2408.5], [0.05113, 2408.5], [0.0519, 2410.91], [0.05204, 2410.91], [0.05217, 746.89], [0.0532, 353.35], [0.055, 1848.45], [0.06, 1052.74]]}
{"ts": 1720182644.0, "bids": [[0.00475, 55179.2], [0.00464, 364666.56], [0.00463, 5932.12], [0.00414, 40820.04], [0.00413, 54657.66], [0.00412, 7593.37], [0.00344, 291407.26], [0.00343, 10718.13], [0.003, 16699.96], [0.00285, 12280.7], [0.00261, 114942.52], [0.0026, 927353.84], [0.00181, 1012436.46], [0.00167, 2062293.46], [0.0015, 19755.93], [0.00145, 52482.75], [0.00135, 11940.74], [0.00127, 18940.93], [0.00126, 22320.63], [0.00122, 17631.14], [0.00121, 17768.59], [0.0012, 23852.05], [0.00116, 10038.79], [0.00114, 63374.87], [0.00108, 8449.53], [0.00104, 20692.3], [0.00103, 17020.38], [0.00102, 12784.31], [0.00096, 2407907.35], [0.0006, 2430133.31], [0.0001, 50098.16], [4e-05, 125000.0]], "asks": [[0.00578, 18484.28], [0.00579, 10470.08], [0.0058, 8921.2], [0.00581, 6252.62], [0.00607, 1528.81], [0.0061, 8287.25], [0.0066, 1433.12], [0.0067, 3025.83], [0.00742, 20655.74], [0.00743, 2102.7], [0.00912, 1588.71], [0.00952, 14072.16], [0.00985, 27692.52], [0.00986, 628.46], [0.013, 877.8], [0.01308, 1612.78], [0.01312, 1600.8], [0.01332, 6635.54], [0.01387, 10098.2], [0.014, 9241.71], [0.01421, 1536.92], [0.01424, 1741.83], [0.0143, 3167.77], [0.01443, 1681.8], [0.016, 44895.44], [0.01608, 4966.64], [0.01617, 5058.54], [0.01747, 1612.79], [0.01843, 7222.6], [0.01999, 4472.19], [0.02012, 1766.84], [0.02336, 1345.09], [0.026, 213.67], [0.027, 6939.37], [0.02705, 1888.82], [0.03099, 7101.02], [0.031, 22029.42], [0.0395, 218.2], [0.04, 218.19], [0.0453, 121.8], [0.05, 842.36], [0.0501, 200.01], [0.05087, 1189.84], [0.05097, 2408.5], [0.05113, 2408.5], [0.0519, 2410.91], [0.05204, 2410.91], [0.05217, 746.89], [0.0532, 353.35], [0.055, 1848.45]]}
{"ts": 1720182645.0, "bids": [[0.00475, 55179.2], [0.00464, 364666.56], [0.00463, 5932.12], [0.00414, 40820.04], [0.00413, 54657.66], [0.00412, 7593.37], [0.00344, 291407.26], [0.00343, 10718.13], [0.003, 16699.96], [0.00285, 12280.7], [0.00261, 114942.52], [0.0026, 927353.84], [0.00181, 1012436.46], [0.00167, 2062293.46], [0.0015, 19755.93], [0.00145, 52482.75], [0.00135, 11940.74], [0.00127, 18940.93], [0.00126, 22320.63], [0.00122, 17631.14], [0.00121, 17768.59], [0.0012, 23852.05], [0.00116, 10038.79], [0.00114, 63374.87], [0.00108, 8449.53], [0.00104, 20692.3], [0.00103, 17020.38], [0.00102, 12784.31], [0.00096, 2407907.35], [0.0006, 2430133.31], [0.0001, 50098.16], [4e-05, 125000.0]], "asks": [[0.00576, 18484.28], [0.00577, 10470.08], [0.0058, 8921.2], [0.00581, 6252.62], [0.00607, 1528.81], [0.0061, 8287.25], [0.0066, 1433.12], [0.0067, 3025.83], [0.00742, 20655.74], [0.00743, 2102.7], [0.00912, 1588.71], [0.00952, 14072.16], [0.00985, 27692.52], [0.00986, 628.46], [0.013, 877.8], [0.01308, 1612.78], [0.01312, 1600.8], [0.01332, 6635.54], [0.01387, 10098.2], [0.014, 9241.71], [0.01421, 1536.92], [0.01424, 1741.83], [0.0143, 3167.77], [0.01443, 1681.8], [0.016, 44895.44], [0.01608, 4966.64], [0.01617, 5058.54], [0.01747, 1612.79], [0.01843, 7222.6], [0.01999, 4472.19], [0.02012, 1766.84], [0.02336, 1345.09], [0.026, 213.67], [0.027, 6939.37], [0.02705, 1888.82], [0.03099, 7101.02], [0.031, 22029.42], [0.0395, 218.2], [0.04, 218.19], [0.0453, 121.8], [0.05, 842.36], [0.0501, 200.01], [0.05087, 1189.84], [0.05097, 2408.5], [0.05113, 2408.5], [0.0519, 2410.91], [0.05204, 2410.91], [0.05217, 746.89], [0.0532, 353.35], [0.055, 1848.45]]}
{"ts": 1720182646.0, "bids": [[0.00475, 55179.2], [0.00464, 364666.56], [0.00463, 5932.12], [0.00414, 40820.04], [0.00413, 54657.66], [0.00412, 7593.37], [0.00344, 291407.26], [0.00343, 10718.13], [0.003, 16699.96], [0.00285, 12280.7], [0.00261, 114942.52], [0.0026, 927353.84], [0.00181, 1012436.46], [0.00167, 2062293.46], [0.0015, 19755.93], [0.00145, 52482.75], [0.00135, 11940.74], [0.00127, 18940.93], [0.00126, 22320.63], [0.00122, 17631.14], [0.00121, 17768.59], [0.0012, 23852.05], [0.00116, 10038.79], [0.00114, 63374.87], [0.00108, 8449.53], [0.00104, 20692.3], [0.00103, 17020.38], [0.00102, 12784.31], [0.00096, 2407907.35], [0.0006, 2430133.31], [0.0001, 50098.16], [4e-05, 125000.0]], "asks": [[0.00574, 18484.28], [0.00575, 17203.0], [0.0058, 2188.28], [0.00607, 1528.81], [0.0061, 8287.25], [0.0066, 1433.12], [0.0067, 3025.83], [0.00742, 20655.74], [0.00743, 2102.7], [0.00912, 1588.71], [0.00952, 14072.16], [0.00985, 27692.52], [0.00986, 628.46], [0.013, 877.8], [0.01308, 1612.78], [0.01312, 1600.8], [0.01332, 6635.54], [0.01387, 10098.2], [0.014, 9241.71], [0.01421, 1536.92], [0.01424, 1741.83], [0.0143, 3167.77], [0.01443, 1681.8], [0.016, 44895.44], [0.01608, 4966.64], [0.01617, 5058.54], [0.01747, 1612.79], [0.01843, 7222.6], [0.01999, 4472.19], [0.02012, 1766.84], [0.02336, 1345.09], [0.026, 213.67], [0.027, 6939.37], [0.02705, 1888.82], [0.03099, 7101.02], [0.031, 22029.42], [0.0395, 218.2], [0.04, 218.19], [0.0453, 121.8], [0.05, 842.36], [0.0501, 200.01], [0.05087, 1189.84], [0.05097, 2408.5], [0.05113, 2408.5], [0.0519, 2410.91], [0.05204, 2410.91], [0.05217, 746.89], [0.0532, 353.35], [0.055, 1848.45], [0.06, 1052.74]]}
{"ts": 1720182647.0, "bids": [[0.00475, 55179.2], [0.00464, 364666.56], [0.00463, 5932.12], [0.00414, 40820.04], [0.00413, 54657.66], [0.00412, 7593.37], [0.00344, 291407.26], [0.00343, 10718.13], [0.003, 16699.96], [0.00285, 12280.7], [0.00261, 114942.52], [0.0026, 927353.84], [0.00181, 1012436.46], [0.00167, 2062293.46], [0.0015, 19755.93], [0.00145, 52482.75], [0.00135, 11940.74], [0.00127, 18940.93], [0.00126, 22320.63], [0.00122, 17631.14], [0.00121, 17768.59], [0.0012, 23852.05], [0.00116, 10038.79], [0.00114, 63374.87], [0.00108, 8449.53], [0.00104, 20692.3], [0.00103, 17020.38], [0.00102, 12784.31], [0.00096, 2407907.35], [0.0006, 2430133.31], [0.0001, 50098.16], [4e-05, 125000.0]], "asks": [[0.00572, 18484.28], [0.00573, 10470.08], [0.00575, 6732.92], [0.0058, 2188.28], [0.00607, 1528.81], [0.0061, 8287.25], [0.0066, 1433.12], [0.0067, 3025.83], [0.00742, 20655.74], [0.00743, 2102.7], [0.00912, 1588.71], [0.00952, 14072.16], [0.00985, 27692.52], [0.00986, 628.46], [0.013, 877.8], [0.01308, 1612.78], [0.01312, 1600.8], [0.01332, 6635.54], [0.01387, 10098.2], [0.014, 9241.71], [0.01421, 1536.92], [0.01424, 1741.83], [0.0143, 3167.77], [0.01443, 1681.8], [0.016, 44895.44], [0.01608, 4966.64], [0.01617, 5058.54], [0.01747, 1612.79], [0.01843, 7222.6], [0.01999, 4472.19], [0.02012, 1766.84], [0.02336, 1345.09], [0.026, 213.67], [0.027, 6939.37], [0.02705, 1888.82], [0.03099, 7101.02], [0.031, 22029.42], [0.0395, 218.2], [0.04, 218.19], [0.0453, 121.8], [0.05, 842.36], [0.0501, 200.01], [0.05087, 1189.84], [0.05097, 2408.5], [0.05113, 2408.5], [0.0519, 2410.91], [0.05204, 2410.91], [0.05217, 746.89], [0.0532, 353.35], [0.055, 1848.45]]}{"ts": 1720182648.0, "bids": [[0.00475, 55179.2], [0.00464, 364666.56], [0.00463, 5932.12], [0.00414, 40820.04], [0.00413, 54657.66], [0.00412, 7593.37], [0.00344, 291407.26], [0.00343, 10718.13], [0.003, 16699.96], [0.00285, 12280.7], [0.00261, 114942.52], [0.0026, 927353.84], [0.00181, 1012436.46], [0.00167, 2062293.46], [0.0015, 19755.93], [0.00145, 52482.75], [0.00135, 11940.74], [0.00127, 18940.93], [0.00126, 22320.63], [0.00122, 17631.14], [0.00121, 17768.59], [0.0012, 23852.05], [0.00116, 10038.79], [0.00114, 63374.87], [0.00108, 8449.53], [0.00104, 20692.3], [0.00103, 17020.38], [0.00102, 12784.31], [0.00096, 2407907.35], [0.0006, 2430133.31], [0.0001, 50098.16], [4e-05, 125000.0]], "asks": [[0.0057, 18484.28], [0.00571, 10470.08], [0.00607, 1528.81], [0.0061, 8287.25], [0.0066, 1433.12], [0.0067, 3025.83], [0.00742, 20655.74], [0.00743, 2102.7], [0.00912, 1588.71], [0.00952, 14072.16], [0.00985, 27692.52], [0.00986, 628.46], [0.013, 877.8], [0.01308, 1612.78], [0.01312, 1600.8], [0.01332, 6635.54], [0.01387, 10098.2], [0.014, 9241.71], [0.01421, 1536.92], [0.01424, 1741.83], [0.0143, 3167.77], [0.01443, 1681.8], [0.016, 44895.44], [0.01608, 4966.64], [0.01617, 5058.54], [0.01747, 1612.79], [0.01843, 7222.6], [0.01999, 4472.19], [0.02012, 1766.84], [0.02336, 1345.09], [0.026, 213.67], [0.027, 6939.37], [0.02705, 1888.82], [0.03099, 7101.02], [0.031, 22029.42], [0.0395, 218.2], [0.04, 218.19], [0.0453, 121.8], [0.05, 842.36], [0.0501, 200.01], [0.05087, 1189.84], [0.05097, 2408.5], [0.05113, 2408.5], [0.0519, 2410.91], [0.05204, 2410.91], [0.05217, 746.89], [0.0532, 353.35], [0.055, 1848.45], [0.06, 1052.74], [0.0609, 327.86]]}
{"ts": 1720182649.0, "bids": [[0.00475, 55179.2], [0.00464, 364666.56], [0.00463, 5932.12], [0.00414, 40820.04], [0.00413, 54657.66], [0.00412, 7593.37], [0.00344, 291407.26], [0.00343, 10718.13], [0.003, 16699.96], [0.00285, 12280.7], [0.00261, 114942.52], [0.0026, 927353.84], [0.00181, 1012436.46], [0.00167, 2062293.46], [0.0015, 19755.93], [0.00145, 52482.75], [0.00135, 11940.74], [0.00127, 18940.93], [0.00126, 22320.63], [0.00122, 17631.14], [0.00121, 17768.59], [0.0012, 23852.05], [0.00116, 10038.79], [0.00114, 63374.87], [0.00108, 8449.53], [0.00104, 20692.3], [0.00103, 17020.38], [0.00102, 12784.31], [0.00096, 2407907.35], [0.0006, 2430133.31], [0.0001, 50098.16], [4e-05, 125000.0]], "asks": [[0.0057, 18484.28], [0.00571, 6732.92], [0.00606, 6252.62], [0.00607, 1528.81], [0.0061, 8287.25], [0.0066, 1433.12], [0.0067, 3025.83], [0.00742, 20655.74], [0.00743, 2102.7], [0.00912, 1588.71], [0.00952, 14072.16], [0.00985, 27692.52], [0.00986, 628.46], [0.013, 877.8], [0.01308, 1612.78], [0.01312, 1600.8], [0.01332, 6635.54], [0.01387, 10098.2], [0.014, 9241.71], [0.01421, 1536.92], [0.01424, 1741.83], [0.0143, 3167.77], [0.01443, 1681.8], [0.016, 44895.44], [0.01608, 4966.64], [0.01617, 5058.54], [0.01747, 1612.79], [0.01843, 7222.6], [0.01999, 4472.19], [0.02012, 1766.84], [0.02336, 1345.09], [0.026, 213.67], [0.027, 6939.37], [0.02705, 1888.82], [0.03099, 7101.02], [0.031, 22029.42], [0.0395, 218.2], [0.04, 218.19], [0.0453, 121.8], [0.05, 842.36], [0.0501, 200.01], [0.05087, 1189.84], [0.05097, 2408.5], [0.05113, 2408.5], [0.0519, 2410.91], [0.05204, 2410.91], [0.05217, 746.89], [0.0532, 353.35], [0.055, 1848.45], [0.06, 1052.74]]}
{"ts": 1720182650.0, "bids": [[0.00475, 55179.2], [0.00464, 364666.56], [0.00463, 5932.12], [0.00414, 40820.04], [0.00413, 54657.66], [0.00412, 7593.37], [0.00344, 291407.26], [0.00343, 10718.13], [0.003, 16699.96], [0.00285, 12280.7], [0.00261, 114942.52], [0.0026, 927353.84], [0.00181, 1012436.46], [0.00167, 2062293.46], [0.0015, 19755.93], [0.00145, 52482.75], [0.00135, 11940.74], [0.00127, 18940.93], [0.00126, 22320.63], [0.00122, 17631.14], [0.00121, 17768.59], [0.0012, 23852.05], [0.00116, 10038.79], [0.00114, 63374.87], [0.00108, 8449.53], [0.00104, 20692.3], [0.00103, 17020.38], [0.00102, 12784.31], [0.00096, 2407907.35], [0.0006, 2430133.31], [0.0001, 50098.16], [4e-05, 125000.0]], "asks": [[0.00571, 6732.92], [0.00606, 6252.62], [0.00607, 1528.81], [0.0061, 8287.25], [0.0066, 1433.12], [0.0067, 3025.83], [0.00742, 20655.74], [0.00743, 2102.7], [0.00912, 1588.71], [0.00952, 14072.16], [0.00985, 27692.52], [0.00986, 628.46], [0.013, 877.8], [0.01308, 1612.78], [0.01312, 1600.8], [0.01332, 6635.54], [0.01387, 10098.2], [0.014, 9241.71], [0.01421, 1536.92], [0.01424, 1741.83], [0.0143, 3167.77], [0.01443, 1681.8], [0.016, 44895.44], [0.01608, 4966.64], [0.01617, 5058.54], [0.01747, 1612.79], [0.01843, 7222.6], [0.01999, 4472.19], [0.02012, 1766.84], [0.02336, 1345.09], [0.026, 213.67], [0.027, 6939.37], [0.02705, 1888.82], [0.03099, 7101.02], [0.031, 22029.42], [0.0395, 218.2], [0.04, 218.19], [0.0453, 121.8], [0.05, 842.36], [0.0501, 200.01], [0.05087, 1189.84], [0.05097, 2408.5], [0.05113, 2408.5], [0.0519, 2410.91], [0.05204, 2410.91], [0.05217, 746.89], [0.0532, 353.35], [0.055, 1848.45], [0.06, 1052.74], [0.0609, 327.86]]}
{"ts": 1720182651.0, "bids": [[0.00475, 55179.2], [0.00464, 364666.56], [0.00463, 5932.12], [0.00414, 40820.04], [0.00413, 54657.66], [0.00412, 7593.37], [0.00344, 291407.26], [0.00343, 10718.13], [0.003, 16699.96], [0.00285, 12280.7], [0.00261, 114942.52], [0.0026, 927353.84], [0.00181, 1012436.46], [0.00167, 2062293.46], [0.0015, 19755.93], [0.00145, 52482.75], [0.00135, 11940.74], [0.00127, 18940.93], [0.00126, 22320.63], [0.00122, 17631.14], [0.00121, 17768.59], [0.0012, 23852.05], [0.00116, 10038.79], [0.00114, 63374.87], [0.00108, 8449.53], [0.00104, 20692.3], [0.00103, 17020.38], [0.00102, 12784.31], [0.00096, 2407907.35], [0.0006, 2430133.31], [0.0001, 50098.16], [4e-05, 125000.0]], "asks": [[0.00565, 10470.08], [0.00605, 6732.92], [0.00606, 6252.62], [0.00607, 1528.81], [0.0061, 8287.25], [0.0066, 1433.12], [0.0067, 3025.83], [0.00742, 20655.74], [0.00743, 2102.7], [0.00912, 1588.71], [0.00952, 14072.16], [0.00985, 27692.52], [0.00986, 628.46], [0.013, 877.8], [0.01308, 1612.78], [0.01312, 1600.8], [0.01332, 6635.54], [0.01387, 10098.2], [0.014, 9241.71], [0.01421, 1536.92], [0.01424, 1741.83], [0.0143, 3167.77], [0.01443, 1681.8], [0.016, 44895.44], [0.01608, 4966.64], [0.01617, 5058.54], [0.01747, 1612.79], [0.01843, 7222.6], [0.01999, 4472.19], [0.02012, 1766.84], [0.02336, 1345.09], [0.026, 213.67], [0.027, 6939.37], [0.02705, 1888.82], [0.03099, 7101.02], [0.031, 22029.42], [0.0395, 218.2], [0.04, 218.19], [0.0453, 121.8], [0.05, 842.36], [0.0501, 200.01], [0.05087, 1189.84], [0.05097, 2408.5], [0.05113, 2408.5], [0.0519, 2410.91], [0.05204, 2410.91], [0.05217, 746.89], [0.0532, 353.35], [0.055, 1848.45], [0.06, 1052.74]]}
{"ts": 1720182652.0, "bids": [[0.00475, 55179.2], [0.00464, 364666.56], [0.00463, 5932.12], [0.00414, 40820.04], [0.00413, 54657.66], [0.00412, 7593.37], [0.00344, 291407.26], [0.00343, 10718.13], [0.003, 16699.96], [0.00285, 12280.7], [0.00261, 114942.52], [0.0026, 927353.84], [0.00181, 1012436.46], [0.00167, 2062293.46], [0.0015, 19755.93], [0.00145, 52482.75], [0.00135, 11940.74], [0.00127, 18940.93], [0.00126, 22320.63], [0.00122, 17631.14], [0.00121, 17768.59], [0.0012, 23852.05], [0.00116, 10038.79], [0.00114, 63374.87], [0.00108, 8449.53], [0.00104, 20692.3], [0.00103, 17020.38], [0.00102, 12784.31], [0.00096, 2407907.35], [0.0006, 2430133.31], [0.0001, 50098.16], [4e-05, 125000.0]], "asks": [[0.00564, 18484.28], [0.00565, 10470.08], [0.00604, 2188.28], [0.00605, 6732.92], [0.00607, 1528.81], [0.0061, 8287.25], [0.0066, 1433.12], [0.0067, 3025.83], [0.00742, 20655.74], [0.00743, 2102.7], [0.00912, 1588.71], [0.00952, 14072.16], [0.00985, 27692.52], [0.00986, 628.46], [0.013, 877.8], [0.01308, 1612.78], [0.01312, 1600.8], [0.01332, 6635.54], [0.01387, 10098.2], [0.014, 9241.71], [0.01421, 1536.92], [0.01424, 1741.83], [0.0143, 3167.77], [0.01443, 1681.8], [0.016, 44895.44], [0.01608, 4966.64], [0.01617, 5058.54], [0.01747, 1612.79], [0.01843, 7222.6], [0.01999, 4472.19], [0.02012, 1766.84], [0.02336, 1345.09], [0.026, 213.67], [0.027, 6939.37], [0.02705, 1888.82], [0.03099, 7101.02], [0.031, 22029.42], [0.0395, 218.2], [0.04, 218.19], [0.0453, 121.8], [0.05, 842.36], [0.0501, 200.01], [0.05087, 1189.84], [0.05097, 2408.5], [0.05113, 2408.5], [0.0519, 2410.91], [0.05204, 2410.91], [0.05217, 746.89], [0.0532, 353.35], [0.055, 1848.45]]}
{"ts": 1720182653.0, "bids": [[0.00475, 55179.2], [0.00464, 364666.56], [0.00463, 5932.12], [0.00414, 40820.04], [0.00413, 54657.66], [0.00412, 7593.37], [0.00344, 291407.26], [0.00343, 10718.13], [0.003, 16699.96], [0.00285, 12280.7], [0.00261, 114942.52], [0.0026, 927353.84], [0.00181, 1012436.46], [0.00167, 2062293.46], [0.0015, 19755.93], [0.00145, 52482.75], [0.00135, 11940.74], [0.00127, 18940.93], [0.00126, 22320.63], [0.00122, 17631.14], [0.00121, 17768.59], [0.0012, 23852.05], [0.00116, 10038.79], [0.00114, 63374.87], [0.00108, 8449.53], [0.00104, 20692.3], [0.00103, 17020.38], [0.00102, 12784.31], [0.00096, 2407907.35], [0.0006, 2430133.31], [0.0001, 50098.16], [4e-05, 125000.0]], "asks": [[0.00563, 10470.08], [0.00603, 6732.92], [0.00604, 2188.28], [0.00607, 1528.81], [0.0061, 8287.25], [0.0066, 1433.12], [0.0067, 3025.83], [0.00742, 20655.74], [0.00743, 2102.7], [0.00912, 1588.71], [0.00952, 14072.16], [0.00985, 27692.52], [0.00986, 628.46], [0.013, 877.8], [0.01308, 1612.78], [0.01312, 1600.8], [0.01332, 6635.54], [0.01387, 10098.2], [0.014, 9241.71], [0.01421, 1536.92], [0.01424, 1741.83], [0.0143, 3167.77], [0.01443, 1681.8], [0.016, 44895.44], [0.01608, 4966.64], [0.01617, 5058.54], [0.01747, 1612.79], [0.01843, 7222.6], [0.01999, 4472.19], [0.02012, 1766.84], [0.02336, 1345.09], [0.026, 213.67], [0.027, 6939.37], [0.02705, 1888.82], [0.03099, 7101.02], [0.031, 22029.42], [0.0395, 218.2], [0.04, 218.19], [0.0453, 121.8], [0.05, 842.36], [0.0501, 200.01], [0.05087, 1189.84], [0.05097, 2408.5], [0.05113, 2408.5], [0.0519, 2410.91], [0.05204, 2410.91], [0.05217, 746.89], [0.0532, 353.35], [0.055, 1848.45], [0.06, 1052.74]]}
{"ts": 1720182654.0, "bids": [[0.00475, 55179.2], [0.00464, 364666.56], [0.00463, 5932.12], [0.00414, 40820.04], [0.00413, 54657.66], [0.00412, 7593.37], [0.00344, 291407.26], [0.00343, 10718.13], [0.003, 16699.96], [0.00285, 12280.7], [0.00261, 114942.52], [0.0026, 927353.84], [0.00181, 1012436.46], [0.00167, 2062293.46], [0.0015, 19755.93], [0.00145, 52482.75], [0.00135, 11940.74], [0.00127, 18940.93], [0.00126, 22320.63], [0.00122, 17631.14], [0.00121, 17768.59], [0.0012, 23852.05], [0.00116, 10038.79], [0.00114, 63374.87], [0.00108, 8449.53], [0.00104, 20692.3], [0.00103, 17020.38], [0.00102, 12784.31], [0.00096, 2407907.35], [0.0006, 2430133.31], [0.0001, 50098.16], [4e-05, 125000.0]], "asks": [[0.00562, 18484.28], [0.00563, 10470.08], [0.00603, 6732.92], [0.00604, 2188.28], [0.00607, 1528.81], [0.0061, 8287.25], [0.0066, 1433.12], [0.0067, 3025.83], [0.00742, 20655.74], [0.00743, 2102.7], [0.00912, 1588.71], [0.00952, 14072.16], [0.00985, 27692.52], [0.00986, 628.46], [0.013, 877.8], [0.01308, 1612.78], [0.01312, 1600.8], [0.01332, 6635.54], [0.01387, 10098.2], [0.014, 9241.71], [0.01421, 1536.92], [0.01424, 1741.83], [0.0143, 3167.77], [0.01443, 1681.8], [0.016, 44895.44], [0.01608, 4966.64], [0.01617, 5058.54], [0.01747, 1612.79], [0.01843, 7222.6], [0.01999, 4472.19], [0.02012, 1766.84], [0.02336, 1345.09], [0.026, 213.67], [0.027, 6939.37], [0.02705, 1888.82], [0.03099, 7101.02], [0.031, 22029.42], [0.0395, 218.2], [0.04, 218.19], [0.0453, 121.8], [0.05, 842.36], [0.0501, 200.01], [0.05087, 1189.84], [0.05097, 2408.5], [0.05113, 2408.5], [0.0519, 2410.91], [0.05204, 2410.91], [0.05217, 746.89], [0.0532, 353.35], [0.055, 1848.45]]}
{"ts": 1720182655.0, "bids": [[0.00475, 55179.2], [0.00464, 364666.56], [0.00463, 5932.12], [0.00414, 40820.04], [0.00413, 54657.66], [0.00412, 7593.37], [0.00344, 291407.26], [0.00343, 10718.13], [0.003, 16699.96], [0.00285, 12280.7], [0.00261, 114942.52], [0.0026, 927353.84], [0.00181, 1012436.46], [0.00167, 2062293.46], [0.0015, 19755.93], [0.00145, 52482.75], [0.00135, 11940.74], [0.00127, 18940.93], [0.00126, 22320.63], [0.00122, 17631.14], [0.00121, 17768.59], [0.0012, 23852.05], [0.00116, 10038.79], [0.00114, 63374.87], [0.00108, 8449.53], [0.00104, 20692.3], [0.00103, 17020.38], [0.00102, 12784.31], [0.00096, 2407907.35], [0.0006, 2430133.31], [0.0001, 50098.16], [4e-05, 125000.0]], "asks": [[0.0056, 18484.28], [0.00561, 10470.08], [0.00602, 6252.62], [0.00603, 6732.92], [0.00604, 2188.28], [0.00607, 1528.81], [0.0061, 8287.25], [0.0066, 1433.12], [0.0067, 3025.83], [0.00742, 20655.74], [0.00743, 2102.7], [0.00912, 1588.71], [0.00952, 14072.16], [0.00985, 27692.52], [0.00986, 628.46], [0.013, 877.8], [0.01308, 1612.78], [0.01312, 1600.8], [0.01332, 6635.54], [0.01387, 10098.2], [0.014, 9241.71], [0.01421, 1536.92], [0.01424, 1741.83], [0.0143, 3167.77], [0.01443, 1681.8], [0.016, 44895.44], [0.01608, 4966.64], [0.01617, 5058.54], [0.01747, 1612.79], [0.01843, 7222.6], [0.01999, 4472.19], [0.02012, 1766.84], [0.02336, 1345.09], [0.026, 213.67], [0.027, 6939.37], [0.02705, 1888.82], [0.03099, 7101.02], [0.031, 22029.42], [0.0395, 218.2], [0.04, 218.19], [0.0453, 121.8], [0.05, 842.36], [0.0501, 200.01], [0.05087, 1189.84], [0.05097, 2408.5], [0.05113, 2408.5], [0.0519, 2410.91], [0.05204, 2410.91], [0.05217, 746.89], [0.0532, 353.35]]}
{"ts": 1720182656.0, "bids": [[0.00475, 55179.2], [0.00464, 364666.56], [0.00463, 5932.12], [0.00414, 40820.04], [0.00413, 54657.66], [0.00412, 7593.37], [0.00344, 291407.26], [0.00343, 10718.13], [0.003, 16699.96], [0.00285, 12280.7], [0.00261, 114942.52], [0.0026, 927353.84], [0.00181, 1012436.46], [0.00167, 2062293.46], [0.0015, 19755.93], [0.00145, 52482.75], [0.00135, 11940.74], [0.00127, 18940.93], [0.00126, 22320.63], [0.00122, 17631.14], [0.00121, 17768.59], [0.0012, 23852.05], [0.00116, 10038.79], [0.00114, 63374.87], [0.00108, 8449.53], [0.00104, 20692.3], [0.00103, 17020.38], [0.00102, 12784.31], [0.00096, 2407907.35], [0.0006, 2430133.31], [0.0001, 50098.16], [4e-05, 125000.0]], "asks": [[0.00601, 18484.28], [0.00602, 6252.62], [0.00603, 6732.92], [0.00607, 1528.81], [0.0061, 8287.25], [0.0066, 1433.12], [0.0067, 3025.83], [0.00742, 20655.74], [0.00743, 2102.7], [0.00912, 1588.71], [0.00952, 14072.16], [0.00985, 27692.52], [0.00986, 628.46], [0.013, 877.8], [0.01308, 1612.78], [0.01312, 1600.8], [0.01332, 6635.54], [0.01387, 10098.2], [0.014, 9241.71], [0.01421, 1536.92], [0.01424, 1741.83], [0.0143, 3167.77], [0.01443, 1681.8], [0.016, 44895.44], [0.01608, 4966.64], [0.01617, 5058.54], [0.01747, 1612.79], [0.01843, 7222.6], [0.01999, 4472.19], [0.02012, 1766.84], [0.02336, 1345.09], [0.026, 213.67], [0.027, 6939.37], [0.02705, 1888.82], [0.03099, 7101.02], [0.031, 22029.42], [0.0395, 218.2], [0.04, 218.19], [0.0453, 121.8], [0.05, 842.36], [0.0501, 200.01], [0.05087, 1189.84], [0.05097, 2408.5], [0.05113, 2408.5], [0.0519, 2410.91], [0.05204, 2410.91], [0.05217, 746.89], [0.0532, 353.35], [0.055, 1848.45], [0.06, 1052.74]]}
{"ts": 1720182657.0, "bids": [[0.00475, 55179.2], [0.00464, 364666.56], [0.00463, 5932.12], [0.00414, 40820.04], [0.00413, 54657.66], [0.00412, 7593.37], [0.00344, 291407.26], [0.00343, 10718.13], [0.003, 16699.96], [0.00285, 12280.7], [0.00261, 114942.52], [0.0026, 927353.84], [0.00181, 1012436.46], [0.00167, 2062293.46], [0.0015, 19755.93], [0.00145, 52482.75], [0.00135, 11940.74], [0.00127, 18940.93], [0.00126, 22320.63], [0.00122, 17631.14], [0.00121, 17768.59], [0.0012, 23852.05], [0.00116, 10038.79], [0.00114, 63374.87], [0.00108, 8449.53], [0.00104, 20692.3], [0.00103, 17020.38], [0.00102, 12784.31], [0.00096, 2407907.35], [0.0006, 2430133.31], [0.0001, 50098.16], [4e-05, 125000.0]], "asks": [[0.00556, 18484.28], [0.00557, 10470.08], [0.00601, 6732.92], [0.00602, 6252.62], [0.00607, 1528.81], [0.0061, 8287.25], [0.0066, 1433.12], [0.0067, 3025.83], [0.00742, 20655.74], [0.00743, 2102.7], [0.00912, 1588.71], [0.00952, 14072.16], [0.00985, 27692.52], [0.00986, 628.46], [0.013, 877.8], [0.01308, 1612.78], [0.01312, 1600.8], [0.01332, 6635.54], [0.01387, 10098.2], [0.014, 9241.71], [0.01421, 1536.92], [0.01424, 1741.83], [0.0143, 3167.77], [0.01443, 1681.8], [0.016, 44895.44], [0.01608, 4966.64], [0.01617, 5058.54], [0.01747, 1612.79], [0.01843, 7222.6], [0.01999, 4472.19], [0.02012, 1766.84], [0.02336, 1345.09], [0.026, 213.67], [0.027, 6939.37], [0.02705, 1888.82], [0.03099, 7101.02], [0.031, 22029.42], [0.0395, 218.2], [0.04, 218.19], [0.0453, 121.8], [0.05, 842.36], [0.0501, 200.01], [0.05087, 1189.84], [0.05097, 2408.5], [0.05113, 2408.5], [0.0519, 2410.91], [0.05204, 2410.91], [0.05217, 746.89], [0.0532, 353.35], [0.055, 1848.45]]}
{"ts": 1720182658.0, "bids": [[0.00475, 55179.2], [0.00464, 364666.56], [0.00463, 5932.12], [0.00414, 40820.04], [0.00413, 54657.66], [0.00412, 7593.37], [0.00344, 291407.26], [0.00343, 10718.13], [0.003, 16699.96], [0.00285, 12280.7], [0.00261, 114942.52], [0.0026, 927353.84], [0.00181, 1012436.46], [0.00167, 2062293.46], [0.0015, 19755.93], [0.00145, 52482.75], [0.00135, 11940.74], [0.00127, 18940.93], [0.00126, 22320.63], [0.00122, 17631.14], [0.00121, 17768.59], [0.0012, 23852.05], [0.00116, 10038.79], [0.00114, 63374.87], [0.00108, 8449.53], [0.00104, 20692.3], [0.00103, 17020.38], [0.00102, 12784.31], [0.00096, 2407907.35], [0.0006, 2430133.31], [0.0001, 50098.16], [4e-05, 125000.0]], "asks": [[0.00555, 10470.08], [0.00601, 6732.92], [0.00607, 1528.81], [0.0061, 8287.25], [0.0066, 1433.12], [0.0067, 3025.83], [0.00742, 20655.74], [0.00743, 2102.7], [0.00912, 1588.71], [0.00952, 14072.16], [0.00985, 27692.52], [0.00986, 628.46], [0.013, 877.8], [0.01308, 1612.78], [0.01312, 1600.8], [0.01332, 6635.54], [0.01387, 10098.2], [0.014, 9241.71], [0.01421, 1536.92], [0.01424, 1741.83], [0.0143, 3167.77], [0.01443, 1681.8], [0.016, 44895.44], [0.01608, 4966.64], [0.01617, 5058.54], [0.01747, 1612.79], [0.01843, 7222.6], [0.01999, 4472.19], [0.02012, 1766.84], [0.02336, 1345.09], [0.026, 213.67], [0.027, 6939.37], [0.02705, 1888.82], [0.03099, 7101.02], [0.031, 22029.42], [0.0395, 218.2], [0.04, 218.19], [0.0453, 121.8], [0.05, 842.36], [0.0501, 200.01], [0.05087, 1189.84], [0.05097, 2408.5], [0.05113, 2408.5], [0.0519, 2410.91], [0.05204, 2410.91], [0.05217, 746.89], [0.0532, 353.35], [0.055, 1848.45], [0.06, 1052.74], [0.0609, 327.86]]}{"ts": 1720182659.0, "bids": [[0.00475, 55179.2], [0.00464, 364666.56], [0.00463, 5932.12], [0.00414, 40820.04], [0.00413, 54657.66], [0.00412, 7593.37], [0.00344, 291407.26], [0.00343, 10718.13], [0.003, 16699.96], [0.00285, 12280.7], [0.00261, 114942.52], [0.0026, 927353.84], [0.00181, 1012436.46], [0.00167, 2062293.46], [0.0015, 19755.93], [0.00145, 52482.75], [0.00135, 11940.74], [0.00127, 18940.93], [0.00126, 22320.63], [0.00122, 17631.14], [0.00121, 17768.59], [0.0012, 23852.05], [0.00116, 10038.79], [0.00114, 63374.87], [0.00108, 8449.53], [0.00104, 20692.3], [0.00103, 17020.38], [0.00102, 12784.31], [0.00096, 2407907.35], [0.0006, 2430133.31], [0.0001, 50098.16], [4e-05, 125000.0]], "asks": [[0.00554, 18484.28], [0.00555, 10470.08], [0.00607, 1528.81], [0.00609, 6732.92], [0.0061, 8287.25], [0.0066, 1433.12], [0.0067, 3025.83], [0.00742, 20655.74], [0.00743, 2102.7], [0.00912, 1588.71], [0.00952, 14072.16], [0.00985, 27692.52], [0.00986, 628.46], [0.013, 877.8], [0.01308, 1612.78], [0.01312, 1600.8], [0.01332, 6635.54], [0.01387, 10098.2], [0.014, 9241.71], [0.01421, 1536.92], [0.01424, 1741.83], [0.0143, 3167.77], [0.01443, 1681.8], [0.016, 44895.44], [0.01608, 4966.64], [0.01617, 5058.54], [0.01747, 1612.79], [0.01843, 7222.6], [0.01999, 4472.19], [0.02012, 1766.84], [0.02336, 1345.09], [0.026, 213.67], [0.027, 6939.37], [0.02705, 1888.82], [0.03099, 7101.02], [0.031, 22029.42], [0.0395, 218.2], [0.04, 218.19], [0.0453, 121.8], [0.05, 842.36], [0.0501, 200.01], [0.05087, 1189.84], [0.05097, 2408.5], [0.05113, 2408.5], [0.0519, 2410.91], [0.05204, 2410.91], [0.05217, 746.89], [0.0532, 353.35], [0.055, 1848.45], [0.06, 1052.74]]}
{"ts": 1720182660.0, "bids": [[0.00475, 55179.2], [0.00464, 364666.56], [0.00463, 5932.12], [0.00414, 40820.04], [0.00413, 54657.66], [0.00412, 7593.37], [0.00344, 291407.26], [0.00343, 10718.13], [0.003, 16699.96], [0.00285, 12280.7], [0.00261, 114942.52], [0.0026, 927353.84], [0.00181, 1012436.46], [0.00167, 2062293.46], [0.0015, 19755.93], [0.00145, 52482.75], [0.00135, 11940.74], [0.00127, 18940.93], [0.00126, 22320.63], [0.00122, 17631.14], [0.00121, 17768.59], [0.0012, 23852.05], [0.00116, 10038.79], [0.00114, 63374.87], [0.00108, 8449.53], [0.00104, 20692.3], [0.00103, 17020.38], [0.00102, 12784.31], [0.00096, 2407907.35], [0.0006, 2430133.31], [0.0001, 50098.16], [4e-05, 125000.0]], "asks": [[0.00552, 18484.28], [0.00553, 10470.08], [0.00607, 1528.81], [0.00609, 6732.92], [0.0061, 8287.25], [0.0066, 1433.12], [0.0067, 3025.83], [0.00742, 20655.74], [0.00743, 2102.7], [0.00912, 1588.71], [0.00952, 14072.16], [0.00985, 27692.52], [0.00986, 628.46], [0.013, 877.8], [0.01308, 1612.78], [0.01312, 1600.8], [0.01332, 6635.54], [0.01387, 10098.2], [0.014, 9241.71], [0.01421, 1536.92], [0.01424, 1741.83], [0.0143, 3167.77], [0.01443, 1681.8], [0.016, 44895.44], [0.01608, 4966.64], [0.01617, 5058.54], [0.01747, 1612.79], [0.01843, 7222.6], [0.01999, 4472.19], [0.02012, 1766.84], [0.02336, 1345.09], [0.026, 213.67], [0.027, 6939.37], [0.02705, 1888.82], [0.03099, 7101.02], [0.031, 22029.42], [0.0395, 218.2], [0.04, 218.19], [0.0453, 121.8], [0.05, 842.36], [0.0501, 200.01], [0.05087, 1189.84], [0.05097, 2408.5], [0.05113, 2408.5], [0.0519, 2410.91], [0.05204, 2410.91], [0.05217, 746.89], [0.0532, 353.35], [0.055, 1848.45], [0.06, 1052.74]]}
{"ts": 1720182661.0, "bids": [[0.00475, 55179.2], [0.00464, 364666.56], [0.00463, 5932.12], [0.00414, 40820.04], [0.00413, 54657.66], [0.00412, 7593.37], [0.00344, 291407.26], [0.00343, 10718.13], [0.003, 16699.96], [0.00285, 12280.7], [0.00261, 114942.52], [0.0026, 927353.84], [0.00181, 1012436.46], [0.00167, 2062293.46], [0.0015, 19755.93], [0.00145, 52482.75], [0.00135, 11940.74], [0.00127, 18940.93], [0.00126, 22320.63], [0.00122, 17631.14], [0.00121, 17768.59], [0.0012, 23852.05], [0.00116, 10038.79], [0.00114, 63374.87], [0.00108, 8449.53], [0.00104, 20692.3], [0.00103, 17020.38], [0.00102, 12784.31], [0.00096, 2407907.35], [0.0006, 2430133.31], [0.0001, 50098.16], [4e-05, 125000.0]], "asks": [[0.00549, 6252.62], [0.0055, 19474.19], [0.00551, 10470.08], [0.00606, 2188.28], [0.00607, 1528.81], [0.00609, 6732.92], [0.0061, 8287.25], [0.0066, 1433.12], [0.0067, 3025.83], [0.00742, 20655.74], [0.00743, 2102.7], [0.00912, 1588.71], [0.00952, 14072.16], [0.00985, 27692.52], [0.00986, 628.46], [0.013, 877.8], [0.01308, 1612.78], [0.01312, 1600.8], [0.01332, 6635.54], [0.01387, 10098.2], [0.014, 9241.71], [0.01421, 1536.92], [0.01424, 1741.83], [0.0143, 3167.77], [0.01443, 1681.8], [0.016, 44895.44], [0.01608, 4966.64], [0.01617, 5058.54], [0.01747, 1612.79], [0.01843, 7222.6], [0.01999, 4472.19], [0.02012, 1766.84], [0.02336, 1345.09], [0.026, 213.67], [0.027, 6939.37], [0.02705, 1888.82], [0.03099, 7101.02], [0.031, 22029.42], [0.0395, 218.2], [0.04, 218.19], [0.0453, 121.8], [0.05, 842.36], [0.0501, 200.01], [0.05087, 1189.84], [0.05097, 2408.5], [0.05113, 2408.5], [0.0519, 2410.91], [0.05204, 2410.91], [0.05217, 746.89], [0.0532, 353.35]]}
{"ts": 1720182662.0, "bids": [[0.00475, 55179.2], [0.00464, 364666.56], [0.00463, 5932.12], [0.00414, 40820.04], [0.00413, 54657.66], [0.00412, 7593.37], [0.00344, 291407.26], [0.00343, 10718.13], [0.003, 16699.96], [0.00285, 12280.7], [0.00261, 114942.52], [0.0026, 927353.84], [0.00181, 1012436.46], [0.00167, 2062293.46], [0.0015, 19755.93], [0.00145, 52482.75], [0.00135, 11940.74], [0.00127, 18940.93], [0.00126, 22320.63], [0.00122, 17631.14], [0.00121, 17768.59], [0.0012, 23852.05], [0.00116, 10038.79], [0.00114, 63374.87], [0.00108, 8449.53], [0.00104, 20692.3], [0.00103, 17020.38], [0.00102, 12784.31], [0.00096, 2407907.35], [0.0006, 2430133.31], [0.0001, 50098.16], [4e-05, 125000.0]], "asks": [[0.00548, 19474.19], [0.00549, 6252.62], [0.00551, 10470.08], [0.00606, 2188.28], [0.00607, 1528.81], [0.00609, 6732.92], [0.0061, 8287.25], [0.0066, 1433.12], [0.0067, 3025.83], [0.00742, 20655.74], [0.00743, 2102.7], [0.00912, 1588.71], [0.00952, 14072.16], [0.00985, 27692.52], [0.00986, 628.46], [0.013, 877.8], [0.01308, 1612.78], [0.01312, 1600.8], [0.01332, 6635.54], [0.01387, 10098.2], [0.014, 9241.71], [0.01421, 1536.92], [0.01424, 1741.83], [0.0143, 3167.77], [0.01443, 1681.8], [0.016, 44895.44], [0.01608, 4966.64], [0.01617, 5058.54], [0.01747, 1612.79], [0.01843, 7222.6], [0.01999, 4472.19], [0.02012, 1766.84], [0.02336, 1345.09], [0.026, 213.67], [0.027, 6939.37], [0.02705, 1888.82], [0.03099, 7101.02], [0.031, 22029.42], [0.0395, 218.2], [0.04, 218.19], [0.0453, 121.8], [0.05, 842.36], [0.0501, 200.01], [0.05087, 1189.84], [0.05097, 2408.5], [0.05113, 2408.5], [0.0519, 2410.91], [0.05204, 2410.91], [0.05217, 746.89], [0.0532, 353.35]]}
{"ts": 1720182663.0, "bids": [[0.00475, 55179.2], [0.00464, 364666.56], [0.00463, 5932.12], [0.00414, 40820.04], [0.00413, 54657.66], [0.00412, 7593.37], [0.00344, 291407.26], [0.00343, 10718.13], [0.003, 16699.96], [0.00285, 12280.7], [0.00261, 114942.52], [0.0026, 927353.84], [0.00181, 1012436.46], [0.00167, 2062293.46], [0.0015, 19755.93], [0.00145, 52482.75], [0.00135, 11940.74], [0.00127, 18940.93], [0.00126, 22320.63], [0.00122, 17631.14], [0.00121, 17768.59], [0.0012, 23852.05], [0.00116, 10038.79], [0.00114, 63374.87], [0.00108, 8449.53], [0.00104, 20692.3], [0.00103, 17020.38], [0.00102, 12784.31], [0.00096, 2407907.35], [0.0006, 2430133.31], [0.0001, 50098.16], [4e-05, 125000.0]], "asks": [[0.00547, 10470.08], [0.00549, 6252.62], [0.00605, 6732.92], [0.00606, 2188.28], [0.00607, 1528.81], [0.0061, 8287.25], [0.0066, 1433.12], [0.0067, 3025.83], [0.00742, 20655.74], [0.00743, 2102.7], [0.00912, 1588.71], [0.00952, 14072.16], [0.00985, 27692.52], [0.00986, 628.46], [0.013, 877.8], [0.01308, 1612.78], [0.01312, 1600.8], [0.01332, 6635.54], [0.01387, 10098.2], [0.014, 9241.71], [0.01421, 1536.92], [0.01424, 1741.83], [0.0143, 3167.77], [0.01443, 1681.8], [0.016, 44895.44], [0.01608, 4966.64], [0.01617, 5058.54], [0.01747, 1612.79], [0.01843, 7222.6], [0.01999, 4472.19], [0.02012, 1766.84], [0.02336, 1345.09], [0.026, 213.67], [0.027, 6939.37], [0.02705, 1888.82], [0.03099, 7101.02], [0.031, 22029.42], [0.0395, 218.2], [0.04, 218.19], [0.0453, 121.8], [0.05, 842.36], [0.0501, 200.01], [0.05087, 1189.84], [0.05097, 2408.5], [0.05113, 2408.5], [0.0519, 2410.91], [0.05204, 2410.91], [0.05217, 746.89], [0.0532, 353.35], [0.055, 1848.45]]}
{"ts": 1720182664.0, "bids": [[0.00475, 55179.2], [0.00464, 364666.56], [0.00463, 5932.12], [0.00414, 40820.04], [0.00413, 54657.66], [0.00412, 7593.37], [0.00344, 291407.26], [0.00343, 10718.13], [0.003, 16699.96], [0.00285, 12280.7], [0.00261, 114942.52], [0.0026, 927353.84], [0.00181, 1012436.46], [0.00167, 2062293.46], [0.0015, 19755.93], [0.00145, 52482.75], [0.00135, 11940.74], [0.00127, 18940.93], [0.00126, 22320.63], [0.00122, 17631.14], [0.00121, 17768.59], [0.0012, 23852.05], [0.00116, 10038.79], [0.00114, 63374.87], [0.00108, 8449.53], [0.00104, 20692.3], [0.00103, 17020.38], [0.00102, 12784.31], [0.00096, 2407907.35], [0.0006, 2430133.31], [0.0001, 50098.16], [4e-05, 125000.0]], "asks": [[0.00546, 19474.19], [0.00547, 10470.08], [0.00549, 6252.62], [0.00605, 6732.92], [0.00606, 2188.28], [0.00607, 1528.81], [0.0061, 8287.25], [0.0066, 1433.12], [0.0067, 3025.83], [0.00742, 20655.74], [0.00743, 2102.7], [0.00912, 1588.71], [0.00952, 14072.16], [0.00985, 27692.52], [0.00986, 628.46], [0.013, 877.8], [0.01308, 1612.78], [0.01312, 1600.8], [0.01332, 6635.54], [0.01387, 10098.2], [0.014, 9241.71], [0.01421, 1536.92], [0.01424, 1741.83], [0.0143, 3167.77], [0.01443, 1681.8], [0.016, 44895.44], [0.01608, 4966.64], [0.01617, 5058.54], [0.01747, 1612.79], [0.01843, 7222.6], [0.01999, 4472.19], [0.02012, 1766.84], [0.02336, 1345.09], [0.026, 213.67], [0.027, 6939.37], [0.02705, 1888.82], [0.03099, 7101.02], [0.031, 22029.42], [0.0395, 218.2], [0.04, 218.19], [0.0453, 121.8], [0.05, 842.36], [0.0501, 200.01], [0.05087, 1189.84], [0.05097, 2408.5], [0.05113, 2408.5], [0.0519, 2410.91], [0.05204, 2410.91], [0.05217, 746.89], [0.0532, 353.35]]}
{"ts": 1720182665.0, "bids": [[0.00475, 55179.2], [0.00464, 364666.56], [0.00463, 5932.12], [0.00414, 40820.04], [0.00413, 54657.66], [0.00412, 7593.37], [0.00344, 291407.26], [0.00343, 10718.13], [0.003, 16699.96], [0.00285, 12280.7], [0.00261, 114942.52], [0.0026, 927353.84], [0.00181, 1012436.46], [0.00167, 2062293.46], [0.0015, 19755.93], [0.00145, 52482.75], [0.00135, 11940.74], [0.00127, 18940.93], [0.00126, 22320.63], [0.00122, 17631.14], [0.00121, 17768.59], [0.0012, 23852.05], [0.00116, 10038.79], [0.00114, 63374.87], [0.00108, 8449.53], [0.00104, 20692.3], [0.00103, 17020.38], [0.00102, 12784.31], [0.00096, 2407907.35], [0.0006, 2430133.31], [0.0001, 50098.16], [4e-05, 125000.0]], "asks": [[0.00544, 19474.19], [0.00545, 10470.08], [0.00607, 1528.81], [0.0061, 8287.25], [0.0066, 1433.12], [0.0067, 3025.83], [0.00742, 20655.74], [0.00743, 2102.7], [0.00912, 1588.71], [0.00952, 14072.16], [0.00985, 27692.52], [0.00986, 628.46], [0.013, 877.8], [0.01308, 1612.78], [0.01312, 1600.8], [0.01332, 6635.54], [0.01387, 10098.2], [0.014, 9241.71], [0.01421, 1536.92], [0.01424, 1741.83], [0.0143, 3167.77], [0.01443, 1681.8], [0.016, 44895.44], [0.01608, 4966.64], [0.01617, 5058.54], [0.01747, 1612.79], [0.01843, 7222.6], [0.01999, 4472.19], [0.02012, 1766.84], [0.02336, 1345.09], [0.026, 213.67], [0.027, 6939.37], [0.02705, 1888.82], [0.03099, 7101.02], [0.031, 22029.42], [0.0395, 218.2], [0.04, 218.19], [0.0453, 121.8], [0.05, 842.36], [0.0501, 200.01], [0.05087, 1189.84], [0.05097, 2408.5], [0.05113, 2408.5], [0.0519, 2410.91], [0.05204, 2410.91], [0.05217, 746.89], [0.0532, 353.35], [0.055, 1848.45], [0.06, 1052.74], [0.0609, 327.86]]}
{"ts": 1720182666.0, "bids": [[0.00475, 55179.2], [0.00464, 364666.56], [0.00463, 5932.12], [0.00414, 40820.04], [0.00413, 54657.66], [0.00412, 7593.37], [0.00344, 291407.26], [0.00343, 10718.13], [0.003, 16699.96], [0.00285, 12280.7], [0.00261, 114942.52], [0.0026, 927353.84], [0.00181, 1012436.46], [0.00167, 2062293.46], [0.0015, 19755.93], [0.00145, 52482.75], [0.00135, 11940.74], [0.00127, 18940.93], [0.00126, 22320.63], [0.00122, 17631.14], [0.00121, 17768.59], [0.0012, 23852.05], [0.00116, 10038.79], [0.00114, 63374.87], [0.00108, 8449.53], [0.00104, 20692.3], [0.00103, 17020.38], [0.00102, 12784.31], [0.00096, 2407907.35], [0.0006, 2430133.31], [0.0001, 50098.16], [4e-05, 125000.0]], "asks": [[0.00607, 1528.81], [0.00609, 6732.92], [0.0061, 8287.25], [0.0066, 1433.12], [0.0067, 3025.83], [0.00742, 20655.74], [0.00743, 2102.7], [0.00912, 1588.71], [0.00952, 14072.16], [0.00985, 27692.52], [0.00986, 628.46], [0.013, 877.8], [0.01308, 1612.78], [0.01312, 1600.8], [0.01332, 6635.54], [0.01387, 10098.2], [0.014, 9241.71], [0.01421, 1536.92], [0.01424, 1741.83], [0.0143, 3167.77], [0.01443, 1681.8], [0.016, 44895.44], [0.01608, 4966.64], [0.01617, 5058.54], [0.01747, 1612.79], [0.01843, 7222.6], [0.01999, 4472.19], [0.02012, 1766.84], [0.02336, 1345.09], [0.026, 213.67], [0.027, 6939.37], [0.02705, 1888.82], [0.03099, 7101.02], [0.031, 22029.42], [0.0395, 218.2], [0.04, 218.19], [0.0453, 121.8], [0.05, 842.36], [0.0501, 200.01], [0.05087, 1189.84], [0.05097, 2408.5], [0.05113, 2408.5], [0.0519, 2410.91], [0.05204, 2410.91], [0.05217, 746.89], [0.0532, 353.35], [0.055, 1848.45], [0.06, 1052.74], [0.0609, 327.86], [0.062, 10504.2]]}
{"ts": 1720182667.0, "bids": [[0.00475, 55179.2], [0.00464, 364666.56], [0.00463, 5932.12], [0.00414, 40820.04], [0.00413, 54657.66], [0.00412, 7593.37], [0.00344, 291407.26], [0.00343, 10718.13], [0.003, 16699.96], [0.00285, 12280.7], [0.00261, 114942.52], [0.0026, 927353.84], [0.00181, 1012436.46], [0.00167, 2062293.46], [0.0015, 19755.93], [0.00145, 52482.75], [0.00135, 11940.74], [0.00127, 18940.93], [0.00126, 22320.63], [0.00122, 17631.14], [0.00121, 17768.59], [0.0012, 23852.05], [0.00116, 10038.79], [0.00114, 63374.87], [0.00108, 8449.53], [0.00104, 20692.3], [0.00103, 17020.38], [0.00102, 12784.31], [0.00096, 2407907.35], [0.0006, 2430133.31], [0.0001, 50098.16], [4e-05, 125000.0]], "asks": [[0.00607, 1528.81], [0.00608, 19474.19], [0.00609, 6732.92], [0.0061, 8287.25], [0.0066, 1433.12], [0.0067, 3025.83], [0.00742, 20655.74], [0.00743, 2102.7], [0.00912, 1588.71], [0.00952, 14072.16], [0.00985, 27692.52], [0.00986, 628.46], [0.013, 877.8], [0.01308, 1612.78], [0.01312, 1600.8], [0.01332, 6635.54], [0.01387, 10098.2], [0.014, 9241.71], [0.01421, 1536.92], [0.01424, 1741.83], [0.0143, 3167.77], [0.01443, 1681.8], [0.016, 44895.44], [0.01608, 4966.64], [0.01617, 5058.54], [0.01747, 1612.79], [0.01843, 7222.6], [0.01999, 4472.19], [0.02012, 1766.84], [0.02336, 1345.09], [0.026, 213.67], [0.027, 6939.37], [0.02705, 1888.82], [0.03099, 7101.02], [0.031, 22029.42], [0.0395, 218.2], [0.04, 218.19], [0.0453, 121.8], [0.05, 842.36], [0.0501, 200.01], [0.05087, 1189.84], [0.05097, 2408.5], [0.05113, 2408.5], [0.0519, 2410.91], [0.05204, 2410.91], [0.05217, 746.89], [0.0532, 353.35], [0.055, 1848.45], [0.06, 1052.74], [0.0609, 327.86]]}
{"ts": 1720182668.0, "bids": [[0.00475, 55179.2], [0.00464, 364666.56], [0.00463, 5932.12], [0.00414, 40820.04], [0.00413, 54657.66], [0.00412, 7593.37], [0.00344, 291407.26], [0.00343, 10718.13], [0.003, 16699.96], [0.00285, 12280.7], [0.00261, 114942.52], [0.0026, 927353.84], [0.00181, 1012436.46], [0.00167, 2062293.46], [0.0015, 19755.93], [0.00145, 52482.75], [0.00135, 11940.74], [0.00127, 18940.93], [0.00126, 22320.63], [0.00122, 17631.14], [0.00121, 17768.59], [0.0012, 23852.05], [0.00116, 10038.79], [0.00114, 63374.87], [0.00108, 8449.53], [0.00104, 20692.3], [0.00103, 17020.38], [0.00102, 12784.31], [0.00096, 2407907.35], [0.0006, 2430133.31], [0.0001, 50098.16], [4e-05, 125000.0]], "asks": [[0.00605, 18484.28], [0.00606, 6252.62], [0.00607, 1528.81], [0.00609, 6732.92], [0.0061, 8287.25], [0.0066, 1433.12], [0.0067, 3025.83], [0.00742, 20655.74], [0.00743, 2102.7], [0.00912, 1588.71], [0.00952, 14072.16], [0.00985, 27692.52], [0.00986, 628.46], [0.013, 877.8], [0.01308, 1612.78], [0.01312, 1600.8], [0.01332, 6635.54], [0.01387, 10098.2], [0.014, 9241.71], [0.01421, 1536.92], [0.01424, 1741.83], [0.0143, 3167.77], [0.01443, 1681.8], [0.016, 44895.44], [0.01608, 4966.64], [0.01617, 5058.54], [0.01747, 1612.79], [0.01843, 7222.6], [0.01999, 4472.19], [0.02012, 1766.84], [0.02336, 1345.09], [0.026, 213.67], [0.027, 6939.37], [0.02705, 1888.82], [0.03099, 7101.02], [0.031, 22029.42], [0.0395, 218.2], [0.04, 218.19], [0.0453, 121.8], [0.05, 842.36], [0.0501, 200.01], [0.05087, 1189.84], [0.05097, 2408.5], [0.05113, 2408.5], [0.0519, 2410.91], [0.05204, 2410.91], [0.05217, 746.89], [0.0532, 353.35], [0.055, 1848.45], [0.06, 1052.74]]}
{"ts": 1720182669.0, "bids": [[0.00475, 55179.2], [0.00464, 364666.56], [0.00463, 5932.12], [0.00414, 40820.04], [0.00413, 54657.66], [0.00412, 7593.37], [0.00344, 291407.26], [0.00343, 10718.13], [0.003, 16699.96], [0.00285, 12280.7], [0.00261, 114942.52], [0.0026, 927353.84], [0.00181, 1012436.46], [0.00167, 2062293.46], [0.0015, 19755.93], [0.00145, 52482.75], [0.00135, 11940.74], [0.00127, 18940.93], [0.00126, 22320.63], [0.00122, 17631.14], [0.00121, 17768.59], [0.0012, 23852.05], [0.00116, 10038.79], [0.00114, 63374.87], [0.00108, 8449.53], [0.00104, 20692.3], [0.00103, 17020.38], [0.00102, 12784.31], [0.00096, 2407907.35], [0.0006, 2430133.31], [0.0001, 50098.16], [4e-05, 125000.0]], "asks": [[0.00603, 18484.28], [0.00604, 12658.36], [0.00606, 6252.62], [0.00607, 1528.81], [0.0061, 8287.25], [0.0066, 1433.12], [0.0067, 3025.83], [0.00742, 20655.74], [0.00743, 2102.7], [0.00912, 1588.71], [0.00952, 14072.16], [0.00985, 27692.52], [0.00986, 628.46], [0.013, 877.8], [0.01308, 1612.78], [0.01312, 1600.8], [0.01332, 6635.54], [0.01387, 10098.2], [0.014, 9241.71], [0.01421, 1536.92], [0.01424, 1741.83], [0.0143, 3167.77], [0.01443, 1681.8], [0.016, 44895.44], [0.01608, 4966.64], [0.01617, 5058.54], [0.01747, 1612.79], [0.01843, 7222.6], [0.01999, 4472.19], [0.02012, 1766.84], [0.02336, 1345.09], [0.026, 213.67], [0.027, 6939.37], [0.02705, 1888.82], [0.03099, 7101.02], [0.031, 22029.42], [0.0395, 218.2], [0.04, 218.19], [0.0453, 121.8], [0.05, 842.36], [0.0501, 200.01], [0.05087, 1189.84], [0.05097, 2408.5], [0.05113, 2408.5], [0.0519, 2410.91], [0.05204, 2410.91], [0.05217, 746.89], [0.0532, 353.35], [0.055, 1848.45], [0.06, 1052.74]]}{"ts": 1720182670.0, "bids": [[0.00475, 55179.2], [0.00464, 364666.56], [0.00463, 5932.12], [0.00414, 40820.04], [0.00413, 54657.66], [0.00412, 7593.37], [0.00344, 291407.26], [0.00343, 10718.13], [0.003, 16699.96], [0.00285, 12280.7], [0.00261, 114942.52], [0.0026, 927353.84], [0.00181, 1012436.46], [0.00167, 2062293.46], [0.0015, 19755.93], [0.00145, 52482.75], [0.00135, 11940.74], [0.00127, 18940.93], [0.00126, 22320.63], [0.00122, 17631.14], [0.00121, 17768.59], [0.0012, 23852.05], [0.00116, 10038.79], [0.00114, 63374.87], [0.00108, 8449.53], [0.00104, 20692.3], [0.00103, 17020.38], [0.00102, 12784.31], [0.00096, 2407907.35], [0.0006, 2430133.31], [0.0001, 50098.16], [4e-05, 125000.0]], "asks": [[0.00601, 18484.28], [0.00602, 10470.08], [0.00604, 8921.2], [0.00606, 6252.62], [0.00607, 1528.81], [0.0061, 8287.25], [0.0066, 1433.12], [0.0067, 3025.83], [0.00742, 20655.74], [0.00743, 2102.7], [0.00912, 1588.71], [0.00952, 14072.16], [0.00985, 27692.52], [0.00986, 628.46], [0.013, 877.8], [0.01308, 1612.78], [0.01312, 1600.8], [0.01332, 6635.54], [0.01387, 10098.2], [0.014, 9241.71], [0.01421, 1536.92], [0.01424, 1741.83], [0.0143, 3167.77], [0.01443, 1681.8], [0.016, 44895.44], [0.01608, 4966.64], [0.01617, 5058.54], [0.01747, 1612.79], [0.01843, 7222.6], [0.01999, 4472.19], [0.02012, 1766.84], [0.02336, 1345.09], [0.026, 213.67], [0.027, 6939.37], [0.02705, 1888.82], [0.03099, 7101.02], [0.031, 22029.42], [0.0395, 218.2], [0.04, 218.19], [0.0453, 121.8], [0.05, 842.36], [0.0501, 200.01], [0.05087, 1189.84], [0.05097, 2408.5], [0.05113, 2408.5], [0.0519, 2410.91], [0.05204, 2410.91], [0.05217, 746.89], [0.0532, 353.35], [0.055, 1848.45]]}
{"ts": 1720182671.0, "bids": [[0.00475, 55179.2], [0.00464, 364666.56], [0.00463, 5932.12], [0.00414, 40820.04], [0.00413, 54657.66], [0.00412, 7593.37], [0.00344, 291407.26], [0.00343, 10718.13], [0.003, 16699.96], [0.00285, 12280.7], [0.00261, 114942.52], [0.0026, 927353.84], [0.00181, 1012436.46], [0.00167, 2062293.46], [0.0015, 19755.93], [0.00145, 52482.75], [0.00135, 11940.74], [0.00127, 18940.93], [0.00126, 22320.63], [0.00122, 17631.14], [0.00121, 17768.59], [0.0012, 23852.05], [0.00116, 10038.79], [0.00114, 63374.87], [0.00108, 8449.53], [0.00104, 20692.3], [0.00103, 17020.38], [0.00102, 12784.31], [0.00096, 2407907.35], [0.0006, 2430133.31], [0.0001, 50098.16], [4e-05, 125000.0]], "asks": [[0.00599, 18484.28], [0.006, 10470.08], [0.00604, 8921.2], [0.00607, 1528.81], [0.0061, 8287.25], [0.0066, 1433.12], [0.0067, 3025.83], [0.00742, 20655.74], [0.00743, 2102.7], [0.00912, 1588.71], [0.00952, 14072.16], [0.00985, 27692.52], [0.00986, 628.46], [0.013, 877.8], [0.01308, 1612.78], [0.01312, 1600.8], [0.01332, 6635.54], [0.01387, 10098.2], [0.014, 9241.71], [0.01421, 1536.92], [0.01424, 1741.83], [0.0143, 3167.77], [0.01443, 1681.8], [0.016, 44895.44], [0.01608, 4966.64], [0.01617, 5058.54], [0.01747, 1612.79], [0.01843, 7222.6], [0.01999, 4472.19], [0.02012, 1766.84], [0.02336, 1345.09], [0.026, 213.67], [0.027, 6939.37], [0.02705, 1888.82], [0.03099, 7101.02], [0.031, 22029.42], [0.0395, 218.2], [0.04, 218.19], [0.0453, 121.8], [0.05, 842.36], [0.0501, 200.01], [0.05087, 1189.84], [0.05097, 2408.5], [0.05113, 2408.5], [0.0519, 2410.91], [0.05204, 2410.91], [0.05217, 746.89], [0.0532, 353.35], [0.055, 1848.45], [0.06, 1052.74]]}
{"ts": 1720182672.0, "bids": [[0.00475, 55179.2], [0.00464, 364666.56], [0.00463, 5932.12], [0.00414, 40820.04], [0.00413, 54657.66], [0.00412, 7593.37], [0.00344, 291407.26], [0.00343, 10718.13], [0.003, 16699.96], [0.00285, 12280.7], [0.00261, 114942.52], [0.0026, 927353.84], [0.00181, 1012436.46], [0.00167, 2062293.46], [0.0015, 19755.93], [0.00145, 52482.75], [0.00135, 11940.74], [0.00127, 18940.93], [0.00126, 22320.63], [0.00122, 17631.14], [0.00121, 17768.59], [0.0012, 23852.05], [0.00116, 10038.79], [0.00114, 63374.87], [0.00108, 8449.53], [0.00104, 20692.3], [0.00103, 17020.38], [0.00102, 12784.31], [0.00096, 2407907.35], [0.0006, 2430133.31], [0.0001, 50098.16], [4e-05, 125000.0]], "asks": [[0.00604, 2188.28], [0.00607, 1528.81], [0.00608, 18484.28], [0.00609, 6732.92], [0.0061, 8287.25], [0.0066, 1433.12], [0.0067, 3025.83], [0.00742, 20655.74], [0.00743, 2102.7], [0.00912, 1588.71], [0.00952, 14072.16], [0.00985, 27692.52], [0.00986, 628.46], [0.013, 877.8], [0.01308, 1612.78], [0.01312, 1600.8], [0.01332, 6635.54], [0.01387, 10098.2], [0.014, 9241.71], [0.01421, 1536.92], [0.01424, 1741.83], [0.0143, 3167.77], [0.01443, 1681.8], [0.016, 44895.44], [0.01608, 4966.64], [0.01617, 5058.54], [0.01747, 1612.79], [0.01843, 7222.6], [0.01999, 4472.19], [0.02012, 1766.84], [0.02336, 1345.09], [0.026, 213.67], [0.027, 6939.37], [0.02705, 1888.82], [0.03099, 7101.02], [0.031, 22029.42], [0.0395, 218.2], [0.04, 218.19], [0.0453, 121.8], [0.05, 842.36], [0.0501, 200.01], [0.05087, 1189.84], [0.05097, 2408.5], [0.05113, 2408.5], [0.0519, 2410.91], [0.05204, 2410.91], [0.05217, 746.89], [0.0532, 353.35], [0.055, 1848.45], [0.06, 1052.74]]}
{"ts": 1720182673.0, "bids": [[0.00475, 55179.2], [0.00464, 364666.56], [0.00463, 5932.12], [0.00414, 40820.04], [0.00413, 54657.66], [0.00412, 7593.37], [0.00344, 291407.26], [0.00343, 10718.13], [0.003, 16699.96], [0.00285, 12280.7], [0.00261, 114942.52], [0.0026, 927353.84], [0.00181, 1012436.46], [0.00167, 2062293.46], [0.0015, 19755.93], [0.00145, 52482.75], [0.00135, 11940.74], [0.00127, 18940.93], [0.00126, 22320.63], [0.00122, 17631.14], [0.00121, 17768.59], [0.0012, 23852.05], [0.00116, 10038.79], [0.00114, 63374.87], [0.00108, 8449.53], [0.00104, 20692.3], [0.00103, 17020.38], [0.00102, 12784.31], [0.00096, 2407907.35], [0.0006, 2430133.31], [0.0001, 50098.16], [4e-05, 125000.0]], "asks": [[0.00602, 18484.28], [0.00603, 10470.08], [0.00607, 1528.81], [0.00609, 6732.92], [0.0061, 8287.25], [0.0066, 1433.12], [0.0067, 3025.83], [0.00742, 20655.74], [0.00743, 2102.7], [0.00912, 1588.71], [0.00952, 14072.16], [0.00985, 27692.52], [0.00986, 628.46], [0.013, 877.8], [0.01308, 1612.78], [0.01312, 1600.8], [0.01332, 6635.54], [0.01387, 10098.2], [0.014, 9241.71], [0.01421, 1536.92], [0.01424, 1741.83], [0.0143, 3167.77], [0.01443, 1681.8], [0.016, 44895.44], [0.01608, 4966.64], [0.01617, 5058.54], [0.01747, 1612.79], [0.01843, 7222.6], [0.01999, 4472.19], [0.02012, 1766.84], [0.02336, 1345.09], [0.026, 213.67], [0.027, 6939.37], [0.02705, 1888.82], [0.03099, 7101.02], [0.031, 22029.42], [0.0395, 218.2], [0.04, 218.19], [0.0453, 121.8], [0.05, 842.36], [0.0501, 200.01], [0.05087, 1189.84], [0.05097, 2408.5], [0.05113, 2408.5], [0.0519, 2410.91], [0.05204, 2410.91], [0.05217, 746.89], [0.0532, 353.35], [0.055, 1848.45], [0.06, 1052.74]]}
{"ts": 1720182674.0, "bids": [[0.00475, 55179.2], [0.00464, 364666.56], [0.00463, 5932.12], [0.00414, 40820.04], [0.00413, 54657.66], [0.00412, 7593.37], [0.00344, 291407.26], [0.00343, 10718.13], [0.003, 16699.96], [0.00285, 12280.7], [0.00261, 114942.52], [0.0026, 927353.84], [0.00181, 1012436.46], [0.00167, 2062293.46], [0.0015, 19755.93], [0.00145, 52482.75], [0.00135, 11940.74], [0.00127, 18940.93], [0.00126, 22320.63], [0.00122, 17631.14], [0.00121, 17768.59], [0.0012, 23852.05], [0.00116, 10038.79], [0.00114, 63374.87], [0.00108, 8449.53], [0.00104, 20692.3], [0.00103, 17020.38], [0.00102, 12784.31], [0.00096, 2407907.35], [0.0006, 2430133.31], [0.0001, 50098.16], [4e-05, 125000.0]], "asks": [[0.006, 18484.28], [0.00601, 16722.7], [0.00607, 8261.73], [0.0061, 8287.25], [0.0066, 1433.12], [0.0067, 3025.83], [0.00742, 20655.74], [0.00743, 2102.7], [0.00912, 1588.71], [0.00952, 14072.16], [0.00985, 27692.52], [0.00986, 628.46], [0.013, 877.8], [0.01308, 1612.78], [0.01312, 1600.8], [0.01332, 6635.54], [0.01387, 10098.2], [0.014, 9241.71], [0.01421, 1536.92], [0.01424, 1741.83], [0.0143, 3167.77], [0.01443, 1681.8], [0.016, 44895.44], [0.01608, 4966.64], [0.01617, 5058.54], [0.01747, 1612.79], [0.01843, 7222.6], [0.01999, 4472.19], [0.02012, 1766.84], [0.02336, 1345.09], [0.026, 213.67], [0.027, 6939.37], [0.02705, 1888.82], [0.03099, 7101.02], [0.031, 22029.42], [0.0395, 218.2], [0.04, 218.19], [0.0453, 121.8], [0.05, 842.36], [0.0501, 200.01], [0.05087, 1189.84], [0.05097, 2408.5], [0.05113, 2408.5], [0.0519, 2410.91], [0.05204, 2410.91], [0.05217, 746.89], [0.0532, 353.35], [0.055, 1848.45], [0.06, 1052.74], [0.0609, 327.86]]}
{"ts": 1720182675.0, "bids": [[0.00475, 55179.2], [0.00464, 364666.56], [0.00463, 5932.12], [0.00414, 40820.04], [0.00413, 54657.66], [0.00412, 7593.37], [0.00344, 291407.26], [0.00343, 10718.13], [0.003, 16699.96], [0.00285, 12280.7], [0.00261, 114942.52], [0.0026, 927353.84], [0.00181, 1012436.46], [0.00167, 2062293.46], [0.0015, 19755.93], [0.00145, 52482.75], [0.00135, 11940.74], [0.00127, 18940.93], [0.00126, 22320.63], [0.00122, 17631.14], [0.00121, 17768.59], [0.0012, 23852.05], [0.00116, 10038.79], [0.00114, 63374.87], [0.00108, 8449.53], [0.00104, 20692.3], [0.00103, 17020.38], [0.00102, 12784.31], [0.00096, 2407907.35], [0.0006, 2430133.31], [0.0001, 50098.16], [4e-05, 125000.0]], "asks": [[0.00599, 10470.08], [0.00601, 6252.62], [0.00607, 8261.73], [0.0061, 8287.25], [0.0066, 1433.12], [0.0067, 3025.83], [0.00742, 20655.74], [0.00743, 2102.7], [0.00912, 1588.71], [0.00952, 14072.16], [0.00985, 27692.52], [0.00986, 628.46], [0.013, 877.8], [0.01308, 1612.78], [0.01312, 1600.8], [0.01332, 6635.54], [0.01387, 10098.2], [0.014, 9241.71], [0.01421, 1536.92], [0.01424, 1741.83], [0.0143, 3167.77], [0.01443, 1681.8], [0.016, 44895.44], [0.01608, 4966.64], [0.01617, 5058.54], [0.01747, 1612.79], [0.01843, 7222.6], [0.01999, 4472.19], [0.02012, 1766.84], [0.02336, 1345.09], [0.026, 213.67], [0.027, 6939.37], [0.02705, 1888.82], [0.03099, 7101.02], [0.031, 22029.42], [0.0395, 218.2], [0.04, 218.19], [0.0453, 121.8], [0.05, 842.36], [0.0501, 200.01], [0.05087, 1189.84], [0.05097, 2408.5], [0.05113, 2408.5], [0.0519, 2410.91], [0.05204, 2410.91], [0.05217, 746.89], [0.0532, 353.35], [0.055, 1848.45], [0.06, 1052.74], [0.0609, 327.86]]}
{"ts": 1720182676.0, "bids": [[0.00475, 55179.2], [0.00464, 364666.56], [0.00463, 5932.12], [0.00414, 40820.04], [0.00413, 54657.66], [0.00412, 7593.37], [0.00344, 291407.26], [0.00343, 10718.13], [0.003, 16699.96], [0.00285, 12280.7], [0.00261, 114942.52], [0.0026, 927353.84], [0.00181, 1012436.46], [0.00167, 2062293.46], [0.0015, 19755.93], [0.00145, 52482.75], [0.00135, 11940.74], [0.00127, 18940.93], [0.00126, 22320.63], [0.00122, 17631.14], [0.00121, 17768.59], [0.0012, 23852.05], [0.00116, 10038.79], [0.00114, 63374.87], [0.00108, 8449.53], [0.00104, 20692.3], [0.00103, 17020.38], [0.00102, 12784.31], [0.00096, 2407907.35], [0.0006, 2430133.31], [0.0001, 50098.16], [4e-05, 125000.0]], "asks": [[0.00598, 18484.28], [0.00599, 10470.08], [0.00601, 6252.62], [0.00607, 1528.81], [0.0061, 8287.25], [0.0066, 1433.12], [0.0067, 3025.83], [0.00742, 20655.74], [0.00743, 2102.7], [0.00912, 1588.71], [0.00952, 14072.16], [0.00985, 27692.52], [0.00986, 628.46], [0.013, 877.8], [0.01308, 1612.78], [0.01312, 1600.8], [0.01332, 6635.54], [0.01387, 10098.2], [0.014, 9241.71], [0.01421, 1536.92], [0.01424, 1741.83], [0.0143, 3167.77], [0.01443, 1681.8], [0.016, 44895.44], [0.01608, 4966.64], [0.01617, 5058.54], [0.01747, 1612.79], [0.01843, 7222.6], [0.01999, 4472.19], [0.02012, 1766.84], [0.02336, 1345.09], [0.026, 213.67], [0.027, 6939.37], [0.02705, 1888.82], [0.03099, 7101.02], [0.031, 22029.42], [0.0395, 218.2], [0.04, 218.19], [0.0453, 121.8], [0.05, 842.36], [0.0501, 200.01], [0.05087, 1189.84], [0.05097, 2408.5], [0.05113, 2408.5], [0.0519, 2410.91], [0.05204, 2410.91], [0.05217, 746.89], [0.0532, 353.35], [0.055, 1848.45], [0.06, 1052.74]]}
{"ts": 1720182677.0, "bids": [[0.00475, 55179.2], [0.00464, 364666.56], [0.00463, 5932.12], [0.00414, 40820.04], [0.00413, 54657.66], [0.00412, 7593.37], [0.00344, 291407.26], [0.00343, 10718.13], [0.003, 16699.96], [0.00285, 12280.7], [0.00261, 114942.52], [0.0026, 927353.84], [0.00181, 1012436.46], [0.00167, 2062293.46], [0.0015, 19755.93], [0.00145, 52482.75], [0.00135, 11940.74], [0.00127, 18940.93], [0.00126, 22320.63], [0.00122, 17631.14], [0.00121, 17768.59], [0.0012, 23852.05], [0.00116, 10038.79], [0.00114, 63374.87], [0.00108, 8449.53], [0.00104, 20692.3], [0.00103, 17020.38], [0.00102, 12784.31], [0.00096, 2407907.35], [0.0006, 2430133.31], [0.0001, 50098.16], [4e-05, 125000.0]], "asks": [[0.00596, 18484.28], [0.00597, 10470.08], [0.00607, 1528.81], [0.0061, 8287.25], [0.0066, 1433.12], [0.0067, 3025.83], [0.00742, 20655.74], [0.00743, 2102.7], [0.00912, 1588.71], [0.00952, 14072.16], [0.00985, 27692.52], [0.00986, 628.46], [0.013, 877.8], [0.01308, 1612.78], [0.01312, 1600.8], [0.01332, 6635.54], [0.01387, 10098.2], [0.014, 9241.71], [0.01421, 1536.92], [0.01424, 1741.83], [0.0143, 3167.77], [0.01443, 1681.8], [0.016, 44895.44], [0.01608, 4966.64], [0.01617, 5058.54], [0.01747, 1612.79], [0.01843, 7222.6], [0.01999, 4472.19], [0.02012, 1766.84], [0.02336, 1345.09], [0.026, 213.67], [0.027, 6939.37], [0.02705, 1888.82], [0.03099, 7101.02], [0.031, 22029.42], [0.0395, 218.2], [0.04, 218.19], [0.0453, 121.8], [0.05, 842.36], [0.0501, 200.01], [0.05087, 1189.84], [0.05097, 2408.5], [0.05113, 2408.5], [0.0519, 2410.91], [0.05204, 2410.91], [0.05217, 746.89], [0.0532, 353.35], [0.055, 1848.45], [0.06, 1052.74], [0.0609, 327.86]]}
{"ts": 1720182678.0, "bids": [[0.00475, 55179.2], [0.00464, 364666.56], [0.00463, 5932.12], [0.00414, 40820.04], [0.00413, 54657.66], [0.00412, 7593.37], [0.00344, 291407.26], [0.00343, 10718.13], [0.003, 16699.96], [0.00285, 12280.7], [0.00261, 114942.52], [0.0026, 927353.84], [0.00181, 1012436.46], [0.00167, 2062293.46], [0.0015, 19755.93], [0.00145, 52482.75], [0.00135, 11940.74], [0.00127, 18940.93], [0.00126, 22320.63], [0.00122, 17631.14], [0.00121, 17768.59], [0.0012, 23852.05], [0.00116, 10038.79], [0.00114, 63374.87], [0.00108, 8449.53], [0.00104, 20692.3], [0.00103, 17020.38], [0.00102, 12784.31], [0.00096, 2407907.35], [0.0006, 2430133.31], [0.0001, 50098.16], [4e-05, 125000.0]], "asks": [[0.00594, 10470.08], [0.00595, 8921.19], [0.00607, 1528.81], [0.0061, 8287.25], [0.0066, 1433.12], [0.0067, 3025.83], [0.00742, 20655.74], [0.00743, 2102.7], [0.00912, 1588.71], [0.00952, 14072.16], [0.00985, 27692.52], [0.00986, 628.46], [0.013, 877.8], [0.01308, 1612.78], [0.01312, 1600.8], [0.01332, 6635.54], [0.01387, 10098.2], [0.014, 9241.71], [0.01421, 1536.92], [0.01424, 1741.83], [0.0143, 3167.77], [0.01443, 1681.8], [0.016, 44895.44], [0.01608, 4966.64], [0.01617, 5058.54], [0.01747, 1612.79], [0.01843, 7222.6], [0.01999, 4472.19], [0.02012, 1766.84], [0.02336, 1345.09], [0.026, 213.67], [0.027, 6939.37], [0.02705, 1888.82], [0.03099, 7101.02], [0.031, 22029.42], [0.0395, 218.2], [0.04, 218.19], [0.0453, 121.8], [0.05, 842.36], [0.0501, 200.01], [0.05087, 1189.84], [0.05097, 2408.5], [0.05113, 2408.5], [0.0519, 2410.91], [0.05204, 2410.91], [0.05217, 746.89], [0.0532, 353.35], [0.055, 1848.45], [0.06, 1052.74], [0.0609, 327.86]]}
{"ts": 1720182679.0, "bids": [[0.00475, 55179.2], [0.00464, 364666.56], [0.00463, 5932.12], [0.00414, 40820.04], [0.00413, 54657.66], [0.00412, 7593.37], [0.00344, 291407.26], [0.00343, 10718.13], [0.003, 16699.96], [0.00285, 12280.7], [0.00261, 114942.52], [0.0026, 927353.84], [0.00181, 1012436.46], [0.00167, 2062293.46], [0.0015, 19755.93], [0.00145, 52482.75], [0.00135, 11940.74], [0.00127, 18940.93], [0.00126, 22320.63], [0.00122, 17631.14], [0.00121, 17768.59], [0.0012, 23852.05], [0.00116, 10038.79], [0.00114, 63374.87], [0.00108, 8449.53], [0.00104, 20692.3], [0.00103, 17020.38], [0.00102, 12784.31], [0.00096, 2407907.35], [0.0006, 2430133.31], [0.0001, 50098.16], [4e-05, 125000.0]], "asks": [[0.00593, 18484.28], [0.00594, 10470.08], [0.00595, 8921.19], [0.00607, 1528.81], [0.0061, 8287.25], [0.0066, 1433.12], [0.0067, 3025.83], [0.00742, 20655.74], [0.00743, 2102.7], [0.00912, 1588.71], [0.00952, 14072.16], [0.00985, 27692.52], [0.00986, 628.46], [0.013, 877.8], [0.01308, 1612.78], [0.01312, 1600.8], [0.01332, 6635.54], [0.01387, 10098.2], [0.014, 9241.71], [0.01421, 1536.92], [0.01424, 1741.83], [0.0143, 3167.77], [0.01443, 1681.8], [0.016, 44895.44], [0.01608, 4966.64], [0.01617, 5058.54], [0.01747, 1612.79], [0.01843, 7222.6], [0.01999, 4472.19], [0.02012, 1766.84], [0.02336, 1345.09], [0.026, 213.67], [0.027, 6939.37], [0.02705, 1888.82], [0.03099, 7101.02], [0.031, 22029.42], [0.0395, 218.2], [0.04, 218.19], [0.0453, 121.8], [0.05, 842.36], [0.0501, 200.01], [0.05087, 1189.84], [0.05097, 2408.5], [0.05113, 2408.5], [0.0519, 2410.91], [0.05204, 2410.91], [0.05217, 746.89], [0.0532, 353.35], [0.055, 1848.45], [0.06, 1052.74]]}
{"ts": 1720182680.0, "bids": [[0.00475, 55179.2], [0.00464, 364666.56], [0.00463, 5932.12], [0.00414, 40820.04], [0.00413, 54657.66], [0.00412, 7593.37], [0.00344, 291407.26], [0.00343, 10718.13], [0.003, 16699.96], [0.00285, 12280.7], [0.00261, 114942.52], [0.0026, 927353.84], [0.00181, 1012436.46], [0.00167, 2062293.46], [0.0015, 19755.93], [0.00145, 52482.75], [0.00135, 11940.74], [0.00127, 18940.93], [0.00126, 22320.63], [0.00122, 17631.14], [0.00121, 17768.59], [0.0012, 23852.05], [0.00116, 10038.79], [0.00114, 63374.87], [0.00108, 8449.53], [0.00104, 20692.3], [0.00103, 17020.38], [0.00102, 12784.31], [0.00096, 2407907.35], [0.0006, 2430133.31], [0.0001, 50098.16], [4e-05, 125000.0]], "asks": [[0.00591, 18484.28], [0.00592, 16722.7], [0.00595, 2188.28], [0.00607, 1528.81], [0.0061, 8287.25], [0.0066, 1433.12], [0.0067, 3025.83], [0.00742, 20655.74], [0.00743, 2102.7], [0.00912, 1588.71], [0.00952, 14072.16], [0.00985, 27692.52], [0.00986, 628.46], [0.013, 877.8], [0.01308, 1612.78], [0.01312, 1600.8], [0.01332, 6635.54], [0.01387, 10098.2], [0.014, 9241.71], [0.01421, 1536.92], [0.01424, 1741.83], [0.0143, 3167.77], [0.01443, 1681.8], [0.016, 44895.44], [0.01608, 4966.64], [0.01617, 5058.54], [0.01747, 1612.79], [0.01843, 7222.6], [0.01999, 4472.19], [0.02012, 1766.84], [0.02336, 1345.09], [0.026, 213.67], [0.027, 6939.37], [0.02705, 1888.82], [0.03099, 7101.02], [0.031, 22029.42], [0.0395, 218.2], [0.04, 218.19], [0.0453, 121.8], [0.05, 842.36], [0.0501, 200.01], [0.05087, 1189.84], [0.05097, 2408.5], [0.05113, 2408.5], [0.0519, 2410.91], [0.05204, 2410.91], [0.05217, 746.89], [0.0532, 353.35], [0.055, 1848.45], [0.06, 1052.74]]}{"ts": 1720182681.0, "bids": [[0.00475, 55179.2], [0.00464, 364666.56], [0.00463, 5932.12], [0.00414, 40820.04], [0.00413, 54657.66], [0.00412, 7593.37], [0.00344, 291407.26], [0.00343, 10718.13], [0.003, 16699.96], [0.00285, 12280.7], [0.00261, 114942.52], [0.0026, 927353.84], [0.00181, 1012436.46], [0.00167, 2062293.46], [0.0015, 19755.93], [0.00145, 52482.75], [0.00135, 11940.74], [0.00127, 18940.93], [0.00126, 22320.63], [0.00122, 17631.14], [0.00121, 17768.59], [0.0012, 23852.05], [0.00116, 10038.79], [0.00114, 63374.87], [0.00108, 8449.53], [0.00104, 20692.3], [0.00103, 17020.38], [0.00102, 12784.31], [0.00096, 2407907.35], [0.0006, 2430133.31], [0.0001, 50098.16], [4e-05, 125000.0]], "asks": [[0.00589, 18484.28], [0.0059, 10470.08], [0.00592, 12985.53], [0.00595, 2188.28], [0.00607, 1528.81], [0.0061, 8287.25], [0.0066, 1433.12], [0.0067, 3025.83], [0.00742, 20655.74], [0.00743, 2102.7], [0.00912, 1588.71], [0.00952, 14072.16], [0.00985, 27692.52], [0.00986, 628.46], [0.013, 877.8], [0.01308, 1612.78], [0.01312, 1600.8], [0.01332, 6635.54], [0.01387, 10098.2], [0.014, 9241.71], [0.01421, 1536.92], [0.01424, 1741.83], [0.0143, 3167.77], [0.01443, 1681.8], [0.016, 44895.44], [0.01608, 4966.64], [0.01617, 5058.54], [0.01747, 1612.79], [0.01843, 7222.6], [0.01999, 4472.19], [0.02012, 1766.84], [0.02336, 1345.09], [0.026, 213.67], [0.027, 6939.37], [0.02705, 1888.82], [0.03099, 7101.02], [0.031, 22029.42], [0.0395, 218.2], [0.04, 218.19], [0.0453, 121.8], [0.05, 842.36], [0.0501, 200.01], [0.05087, 1189.84], [0.05097, 2408.5], [0.05113, 2408.5], [0.0519, 2410.91], [0.05204, 2410.91], [0.05217, 746.89], [0.0532, 353.35], [0.055, 1848.45]]}
{"ts": 1720182682.0, "bids": [[0.00475, 55179.2], [0.00464, 364666.56], [0.00463, 5932.12], [0.00414, 40820.04], [0.00413, 54657.66], [0.00412, 7593.37], [0.00344, 291407.26], [0.00343, 10718.13], [0.003, 16699.96], [0.00285, 12280.7], [0.00261, 114942.52], [0.0026, 927353.84], [0.00181, 1012436.46], [0.00167, 2062293.46], [0.0015, 19755.93], [0.00145, 52482.75], [0.00135, 11940.74], [0.00127, 18940.93], [0.00126, 22320.63], [0.00122, 17631.14], [0.00121, 17768.59], [0.0012, 23852.05], [0.00116, 10038.79], [0.00114, 63374.87], [0.00108, 8449.53], [0.00104, 20692.3], [0.00103, 17020.38], [0.00102, 12784.31], [0.00096, 2407907.35], [0.0006, 2430133.31], [0.0001, 50098.16], [4e-05, 125000.0]], "asks": [[0.00591, 18484.28], [0.00592, 12985.53], [0.00607, 1528.81], [0.0061, 8287.25], [0.0066, 1433.12], [0.0067, 3025.83], [0.00742, 20655.74], [0.00743, 2102.7], [0.00912, 1588.71], [0.00952, 14072.16], [0.00985, 27692.52], [0.00986, 628.46], [0.013, 877.8], [0.01308, 1612.78], [0.01312, 1600.8], [0.01332, 6635.54], [0.01387, 10098.2], [0.014, 9241.71], [0.01421, 1536.92], [0.01424, 1741.83], [0.0143, 3167.77], [0.01443, 1681.8], [0.016, 44895.44], [0.01608, 4966.64], [0.01617, 5058.54], [0.01747, 1612.79], [0.01843, 7222.6], [0.01999, 4472.19], [0.02012, 1766.84], [0.02336, 1345.09], [0.026, 213.67], [0.027, 6939.37], [0.02705, 1888.82], [0.03099, 7101.02], [0.031, 22029.42], [0.0395, 218.2], [0.04, 218.19], [0.0453, 121.8], [0.05, 842.36], [0.0501, 200.01], [0.05087, 1189.84], [0.05097, 2408.5], [0.05113, 2408.5], [0.0519, 2410.91], [0.05204, 2410.91], [0.05217, 746.89], [0.0532, 353.35], [0.055, 1848.45], [0.06, 1052.74], [0.0609, 327.86]]}
{"ts": 1720182683.0, "bids": [[0.00475, 55179.2], [0.00464, 364666.56], [0.00463, 5932.12], [0.00414, 40820.04], [0.00413, 54657.66], [0.00412, 7593.37], [0.00344, 291407.26], [0.00343, 10718.13], [0.003, 16699.96], [0.00285, 12280.7], [0.00261, 114942.52], [0.0026, 927353.84], [0.00181, 1012436.46], [0.00167, 2062293.46], [0.0015, 19755.93], [0.00145, 52482.75], [0.00135, 11940.74], [0.00127, 18940.93], [0.00126, 22320.63], [0.00122, 17631.14], [0.00121, 17768.59], [0.0012, 23852.05], [0.00116, 10038.79], [0.00114, 63374.87], [0.00108, 8449.53], [0.00104, 20692.3], [0.00103, 17020.38], [0.00102, 12784.31], [0.00096, 2407907.35], [0.0006, 2430133.31], [0.0001, 50098.16], [4e-05, 125000.0]], "asks": [[0.00589, 18484.28], [0.0059, 17202.99], [0.00607, 1528.81], [0.0061, 8287.25], [0.0066, 1433.12], [0.0067, 3025.83], [0.00742, 20655.74], [0.00743, 2102.7], [0.00912, 1588.71], [0.00952, 14072.16], [0.00985, 27692.52], [0.00986, 628.46], [0.013, 877.8], [0.01308, 1612.78], [0.01312, 1600.8], [0.01332, 6635.54], [0.01387, 10098.2], [0.014, 9241.71], [0.01421, 1536.92], [0.01424, 1741.83], [0.0143, 3167.77], [0.01443, 1681.8], [0.016, 44895.44], [0.01608, 4966.64], [0.01617, 5058.54], [0.01747, 1612.79], [0.01843, 7222.6], [0.01999, 4472.19], [0.02012, 1766.84], [0.02336, 1345.09], [0.026, 213.67], [0.027, 6939.37], [0.02705, 1888.82], [0.03099, 7101.02], [0.031, 22029.42], [0.0395, 218.2], [0.04, 218.19], [0.0453, 121.8], [0.05, 842.36], [0.0501, 200.01], [0.05087, 1189.84], [0.05097, 2408.5], [0.05113, 2408.5], [0.0519, 2410.91], [0.05204, 2410.91], [0.05217, 746.89], [0.0532, 353.35], [0.055, 1848.45], [0.06, 1052.74], [0.0609, 327.86]]}
{"ts": 1720182684.0, "bids": [[0.00475, 55179.2], [0.00464, 364666.56], [0.00463, 5932.12], [0.00414, 40820.04], [0.00413, 54657.66], [0.00412, 7593.37], [0.00344, 291407.26], [0.00343, 10718.13], [0.003, 16699.96], [0.00285, 12280.7], [0.00261, 114942.52], [0.0026, 927353.84], [0.00181, 1012436.46], [0.00167, 2062293.46], [0.0015, 19755.93], [0.00145, 52482.75], [0.00135, 11940.74], [0.00127, 18940.93], [0.00126, 22320.63], [0.00122, 17631.14], [0.00121, 17768.59], [0.0012, 23852.05], [0.00116, 10038.79], [0.00114, 63374.87], [0.00108, 8449.53], [0.00104, 20692.3], [0.00103, 17020.38], [0.00102, 12784.31], [0.00096, 2407907.35], [0.0006, 2430133.31], [0.0001, 50098.16], [4e-05, 125000.0]], "asks": [[0.00588, 10470.08], [0.0059, 6732.91], [0.00607, 1528.81], [0.0061, 8287.25], [0.0066, 1433.12], [0.0067, 3025.83], [0.00742, 20655.74], [0.00743, 2102.7], [0.00912, 1588.71], [0.00952, 14072.16], [0.00985, 27692.52], [0.00986, 628.46], [0.013, 877.8], [0.01308, 1612.78], [0.01312, 1600.8], [0.01332, 6635.54], [0.01387, 10098.2], [0.014, 9241.71], [0.01421, 1536.92], [0.01424, 1741.83], [0.0143, 3167.77], [0.01443, 1681.8], [0.016, 44895.44], [0.01608, 4966.64], [0.01617, 5058.54], [0.01747, 1612.79], [0.01843, 7222.6], [0.01999, 4472.19], [0.02012, 1766.84], [0.02336, 1345.09], [0.026, 213.67], [0.027, 6939.37], [0.02705, 1888.82], [0.03099, 7101.02], [0.031, 22029.42], [0.0395, 218.2], [0.04, 218.19], [0.0453, 121.8], [0.05, 842.36], [0.0501, 200.01], [0.05087, 1189.84], [0.05097, 2408.5], [0.05113, 2408.5], [0.0519, 2410.91], [0.05204, 2410.91], [0.05217, 746.89], [0.0532, 353.35], [0.055, 1848.45], [0.06, 1052.74], [0.0609, 327.86]]}
{"ts": 1720182685.0, "bids": [[0.00475, 55179.2], [0.00464, 364666.56], [0.00463, 5932.12], [0.00414, 40820.04], [0.00413, 54657.66], [0.00412, 7593.37], [0.00344, 291407.26], [0.00343, 10718.13], [0.003, 16699.96], [0.00285, 12280.7], [0.00261, 114942.52], [0.0026, 927353.84], [0.00181, 1012436.46], [0.00167, 2062293.46], [0.0015, 19755.93], [0.00145, 52482.75], [0.00135, 11940.74], [0.00127, 18940.93], [0.00126, 22320.63], [0.00122, 17631.14], [0.00121, 17768.59], [0.0012, 23852.05], [0.00116, 10038.79], [0.00114, 63374.87], [0.00108, 8449.53], [0.00104, 20692.3], [0.00103, 17020.38], [0.00102, 12784.31], [0.00096, 2407907.35], [0.0006, 2430133.31], [0.0001, 50098.16], [4e-05, 125000.0]], "asks": [[0.00587, 18484.28], [0.00588, 6732.91], [0.00607, 1528.81], [0.0061, 8287.25], [0.0066, 1433.12], [0.0067, 3025.83], [0.00742, 20655.74], [0.00743, 2102.7], [0.00912, 1588.71], [0.00952, 14072.16], [0.00985, 27692.52], [0.00986, 628.46], [0.013, 877.8], [0.01308, 1612.78], [0.01312, 1600.8], [0.01332, 6635.54], [0.01387, 10098.2], [0.014, 9241.71], [0.01421, 1536.92], [0.01424, 1741.83], [0.0143, 3167.77], [0.01443, 1681.8], [0.016, 44895.44], [0.01608, 4966.64], [0.01617, 5058.54], [0.01747, 1612.79], [0.01843, 7222.6], [0.01999, 4472.19], [0.02012, 1766.84], [0.02336, 1345.09], [0.026, 213.67], [0.027, 6939.37], [0.02705, 1888.82], [0.03099, 7101.02], [0.031, 22029.42], [0.0395, 218.2], [0.04, 218.19], [0.0453, 121.8], [0.05, 842.36], [0.0501, 200.01], [0.05087, 1189.84], [0.05097, 2408.5], [0.05113, 2408.5], [0.0519, 2410.91], [0.05204, 2410.91], [0.05217, 746.89], [0.0532, 353.35], [0.055, 1848.45], [0.06, 1052.74], [0.0609, 327.86]]}
{"ts": 1720182686.0, "bids": [[0.00475, 55179.2], [0.00464, 364666.56], [0.00463, 5932.12], [0.00414, 40820.04], [0.00413, 54657.66], [0.00412, 7593.37], [0.00344, 291407.26], [0.00343, 10718.13], [0.003, 16699.96], [0.00285, 12280.7], [0.00261, 114942.52], [0.0026, 927353.84], [0.00181, 1012436.46], [0.00167, 2062293.46], [0.0015, 19755.93], [0.00145, 52482.75], [0.00135, 11940.74], [0.00127, 18940.93], [0.00126, 22320.63], [0.00122, 17631.14], [0.00121, 17768.59], [0.0012, 23852.05], [0.00116, 10038.79], [0.00114, 63374.87], [0.00108, 8449.53], [0.00104, 20692.3], [0.00103, 17020.38], [0.00102, 12784.31], [0.00096, 2407907.35], [0.0006, 2430133.31], [0.0001, 50098.16], [4e-05, 125000.0]], "asks": [[0.00584, 10470.08], [0.00588, 6732.91], [0.00606, 8440.9], [0.00607, 1528.81], [0.0061, 8287.25], [0.0066, 1433.12], [0.0067, 3025.83], [0.00742, 20655.74], [0.00743, 2102.7], [0.00912, 1588.71], [0.00952, 14072.16], [0.00985, 27692.52], [0.00986, 628.46], [0.013, 877.8], [0.01308, 1612.78], [0.01312, 1600.8], [0.01332, 6635.54], [0.01387, 10098.2], [0.014, 9241.71], [0.01421, 1536.92], [0.01424, 1741.83], [0.0143, 3167.77], [0.01443, 1681.8], [0.016, 44895.44], [0.01608, 4966.64], [0.01617, 5058.54], [0.01747, 1612.79], [0.01843, 7222.6], [0.01999, 4472.19], [0.02012, 1766.84], [0.02336, 1345.09], [0.026, 213.67], [0.027, 6939.37], [0.02705, 1888.82], [0.03099, 7101.02], [0.031, 22029.42], [0.0395, 218.2], [0.04, 218.19], [0.0453, 121.8], [0.05, 842.36], [0.0501, 200.01], [0.05087, 1189.84], [0.05097, 2408.5], [0.05113, 2408.5], [0.0519, 2410.91], [0.05204, 2410.91], [0.05217, 746.89], [0.0532, 353.35], [0.055, 1848.45], [0.06, 1052.74]]}
{"ts": 1720182687.0, "bids": [[0.00475, 55179.2], [0.00464, 364666.56], [0.00463, 5932.12], [0.00414, 40820.04], [0.00413, 54657.66], [0.00412, 7593.37], [0.00344, 291407.26], [0.00343, 10718.13], [0.003, 16699.96], [0.00285, 12280.7], [0.00261, 114942.52], [0.0026, 927353.84], [0.00181, 1012436.46], [0.00167, 2062293.46], [0.0015, 19755.93], [0.00145, 52482.75], [0.00135, 11940.74], [0.00127, 18940.93], [0.00126, 22320.63], [0.00122, 17631.14], [0.00121, 17768.59], [0.0012, 23852.05], [0.00116, 10038.79], [0.00114, 63374.87], [0.00108, 8449.53], [0.00104, 20692.3], [0.00103, 17020.38], [0.00102, 12784.31], [0.00096, 2407907.35], [0.0006, 2430133.31], [0.0001, 50098.16], [4e-05, 125000.0]], "asks": [[0.00583, 18484.28], [0.00584, 10470.08], [0.00606, 8440.9], [0.00607, 1528.81], [0.0061, 8287.25], [0.0066, 1433.12], [0.0067, 3025.83], [0.00742, 20655.74], [0.00743, 2102.7], [0.00912, 1588.71], [0.00952, 14072.16], [0.00985, 27692.52], [0.00986, 628.46], [0.013, 877.8], [0.01308, 1612.78], [0.01312, 1600.8], [0.01332, 6635.54], [0.01387, 10098.2], [0.014, 9241.71], [0.01421, 1536.92], [0.01424, 1741.83], [0.0143, 3167.77], [0.01443, 1681.8], [0.016, 44895.44], [0.01608, 4966.64], [0.01617, 5058.54], [0.01747, 1612.79], [0.01843, 7222.6], [0.01999, 4472.19], [0.02012, 1766.84], [0.02336, 1345.09], [0.026, 213.67], [0.027, 6939.37], [0.02705, 1888.82], [0.03099, 7101.02], [0.031, 22029.42], [0.0395, 218.2], [0.04, 218.19], [0.0453, 121.8], [0.05, 842.36], [0.0501, 200.01], [0.05087, 1189.84], [0.05097, 2408.5], [0.05113, 2408.5], [0.0519, 2410.91], [0.05204, 2410.91], [0.05217, 746.89], [0.0532, 353.35], [0.055, 1848.45], [0.06, 1052.74]]}
{"ts": 1720182688.0, "bids": [[0.00475, 55179.2], [0.00464, 364666.56], [0.00463, 5932.12], [0.00414, 40820.04], [0.00413, 54657.66], [0.00412, 7593.37], [0.00344, 291407.26], [0.00343, 10718.13], [0.003, 16699.96], [0.00285, 12280.7], [0.00261, 114942.52], [0.0026, 927353.84], [0.00181, 1012436.46], [0.00167, 2062293.46], [0.0015, 19755.93], [0.00145, 52482.75], [0.00135, 11940.74], [0.00127, 18940.93], [0.00126, 22320.63], [0.00122, 17631.14], [0.00121, 17768.59], [0.0012, 23852.05], [0.00116, 10038.79], [0.00114, 63374.87], [0.00108, 8449.53], [0.00104, 20692.3], [0.00103, 17020.38], [0.00102, 12784.31], [0.00096, 2407907.35], [0.0006, 2430133.31], [0.0001, 50098.16], [4e-05, 125000.0]], "asks": [[0.00582, 28954.36], [0.00583, 6732.91], [0.00606, 8440.9], [0.00607, 1528.81], [0.0061, 8287.25], [0.0066, 1433.12], [0.0067, 3025.83], [0.00742, 20655.74], [0.00743, 2102.7], [0.00912, 1588.71], [0.00952, 14072.16], [0.00985, 27692.52], [0.00986, 628.46], [0.013, 877.8], [0.01308, 1612.78], [0.01312, 1600.8], [0.01332, 6635.54], [0.01387, 10098.2], [0.014, 9241.71], [0.01421, 1536.92], [0.01424, 1741.83], [0.0143, 3167.77], [0.01443, 1681.8], [0.016, 44895.44], [0.01608, 4966.64], [0.01617, 5058.54], [0.01747, 1612.79], [0.01843, 7222.6], [0.01999, 4472.19], [0.02012, 1766.84], [0.02336, 1345.09], [0.026, 213.67], [0.027, 6939.37], [0.02705, 1888.82], [0.03099, 7101.02], [0.031, 22029.42], [0.0395, 218.2], [0.04, 218.19], [0.0453, 121.8], [0.05, 842.36], [0.0501, 200.01], [0.05087, 1189.84], [0.05097, 2408.5], [0.05113, 2408.5], [0.0519, 2410.91], [0.05204, 2410.91], [0.05217, 746.89], [0.0532, 353.35], [0.055, 1848.45], [0.06, 1052.74]]}
{"ts": 1720182689.0, "bids": [[0.00475, 55179.2], [0.00464, 364666.56], [0.00463, 5932.12], [0.00414, 40820.04], [0.00413, 54657.66], [0.00412, 7593.37], [0.00344, 291407.26], [0.00343, 10718.13], [0.003, 16699.96], [0.00285, 12280.7], [0.00261, 114942.52], [0.0026, 927353.84], [0.00181, 1012436.46], [0.00167, 2062293.46], [0.0015, 19755.93], [0.00145, 52482.75], [0.00135, 11940.74], [0.00127, 18940.93], [0.00126, 22320.63], [0.00122, 17631.14], [0.00121, 17768.59], [0.0012, 23852.05], [0.00116, 10038.79], [0.00114, 63374.87], [0.00108, 8449.53], [0.00104, 20692.3], [0.00103, 17020.38], [0.00102, 12784.31], [0.00096, 2407907.35], [0.0006, 2430133.31], [0.0001, 50098.16], [4e-05, 125000.0]], "asks": [[0.00581, 10470.08], [0.00583, 6732.91], [0.00606, 2188.28], [0.00607, 1528.81], [0.0061, 8287.25], [0.0066, 1433.12], [0.0067, 3025.83], [0.00742, 20655.74], [0.00743, 2102.7], [0.00912, 1588.71], [0.00952, 14072.16], [0.00985, 27692.52], [0.00986, 628.46], [0.013, 877.8], [0.01308, 1612.78], [0.01312, 1600.8], [0.01332, 6635.54], [0.01387, 10098.2], [0.014, 9241.71], [0.01421, 1536.92], [0.01424, 1741.83], [0.0143, 3167.77], [0.01443, 1681.8], [0.016, 44895.44], [0.01608, 4966.64], [0.01617, 5058.54], [0.01747, 1612.79], [0.01843, 7222.6], [0.01999, 4472.19], [0.02012, 1766.84], [0.02336, 1345.09], [0.026, 213.67], [0.027, 6939.37], [0.02705, 1888.82], [0.03099, 7101.02], [0.031, 22029.42], [0.0395, 218.2], [0.04, 218.19], [0.0453, 121.8], [0.05, 842.36], [0.0501, 200.01], [0.05087, 1189.84], [0.05097, 2408.5], [0.05113, 2408.5], [0.0519, 2410.91], [0.05204, 2410.91], [0.05217, 746.89], [0.0532, 353.35], [0.055, 1848.45], [0.06, 1052.74]]}
{"ts": 1720182690.0, "bids": [[0.00475, 55179.2], [0.00464, 364666.56], [0.00463, 5932.12], [0.00414, 40820.04], [0.00413, 54657.66], [0.00412, 9264.34], [0.00344, 291407.26], [0.00343, 10718.13], [0.003, 16699.96], [0.00285, 12280.7], [0.00261, 114942.52], [0.0026, 927353.84], [0.00181, 1012436.46], [0.00167, 2062293.46], [0.0015, 19755.93], [0.00145, 52482.75], [0.00135, 11940.74], [0.00127, 18940.93], [0.00126, 22320.63], [0.00122, 17631.14], [0.00121, 17768.59], [0.0012, 23852.05], [0.00116, 10038.79], [0.00114, 63374.87], [0.00108, 8449.53], [0.00104, 20692.3], [0.00103, 17020.38], [0.00102, 12784.31], [0.00096, 2407907.35], [0.0006, 2430133.31], [0.0001, 50098.16], [4e-05, 125000.0]], "asks": [[0.0058, 18484.28], [0.00581, 6732.91], [0.00606, 2188.28], [0.00607, 1528.81], [0.0061, 8287.25], [0.0066, 1433.12], [0.0067, 3025.83], [0.00742, 20655.74], [0.00743, 2102.7], [0.00912, 1588.71], [0.00952, 14072.16], [0.00985, 27692.52], [0.00986, 628.46], [0.013, 877.8], [0.01308, 1612.78], [0.01312, 1600.8], [0.01332, 6635.54], [0.01387, 10098.2], [0.014, 9241.71], [0.01421, 1536.92], [0.01424, 1741.83], [0.0143, 3167.77], [0.01443, 1681.8], [0.016, 44895.44], [0.01608, 4966.64], [0.01617, 5058.54], [0.01747, 1612.79], [0.01843, 7222.6], [0.01999, 4472.19], [0.02012, 1766.84], [0.02336, 1345.09], [0.026, 213.67], [0.027, 6939.37], [0.02705, 1888.82], [0.03099, 7101.02], [0.031, 22029.42], [0.0395, 218.2], [0.04, 218.19], [0.0453, 121.8], [0.05, 842.36], [0.0501, 200.01], [0.05087, 1189.84], [0.05097, 2408.5], [0.05113, 2408.5], [0.0519, 2410.91], [0.05204, 2410.91], [0.05217, 746.89], [0.0532, 353.35], [0.055, 1848.45], [0.06, 1052.74]]}
{"ts": 1720182691.0, "bids": [[0.00475, 55179.2], [0.00464, 364666.56], [0.00463, 5932.12], [0.00414, 40820.04], [0.00413, 54657.66], [0.00412, 9264.34], [0.00344, 291407.26], [0.00343, 10718.13], [0.003, 16699.96], [0.00285, 12280.7], [0.00261, 114942.52], [0.0026, 927353.84], [0.00181, 1012436.46], [0.00167, 2062293.46], [0.0015, 19755.93], [0.00145, 52482.75], [0.00135, 11940.74], [0.00127, 18940.93], [0.00126, 22320.63], [0.00122, 17631.14], [0.00121, 17768.59], [0.0012, 23852.05], [0.00116, 10038.79], [0.00114, 63374.87], [0.00108, 8449.53], [0.00104, 20692.3], [0.00103, 17020.38], [0.00102, 12784.31], [0.00096, 2407907.35], [0.0006, 2430133.31], [0.0001, 50098.16], [4e-05, 125000.0]], "asks": [[0.0058, 18484.28], [0.00581, 6732.91], [0.00606, 2188.28], [0.00607, 1528.81], [0.0061, 8287.25], [0.0066, 1433.12], [0.0067, 3025.83], [0.00742, 20655.74], [0.00743, 2102.7], [0.00912, 1588.71], [0.00952, 14072.16], [0.00985, 27692.52], [0.00986, 628.46], [0.013, 877.8], [0.01308, 1612.78], [0.01312, 1600.8], [0.01332, 6635.54], [0.01387, 10098.2], [0.014, 9241.71], [0.01421, 1536.92], [0.01424, 1741.83], [0.0143, 3167.77], [0.01443, 1681.8], [0.016, 44895.44], [0.01608, 4966.64], [0.01617, 5058.54], [0.01747, 1612.79], [0.01843, 7222.6], [0.01999, 4472.19], [0.02012, 1766.84], [0.02336, 1345.09], [0.026, 213.67], [0.027, 6939.37], [0.02705, 1888.82], [0.03099, 7101.02], [0.031, 22029.42], [0.0395, 218.2], [0.04, 218.19], [0.0453, 121.8], [0.05, 842.36], [0.0501, 200.01], [0.05087, 1189.84], [0.05097, 2408.5], [0.05113, 2408.5], [0.0519, 2410.91], [0.05204, 2410.91], [0.05217, 746.89], [0.0532, 353.35], [0.055, 1848.45], [0.06, 1052.74]]}{"ts": 1720182692.0, "bids": [[0.00475, 55179.2], [0.00464, 364666.56], [0.00463, 5932.12], [0.00414, 40820.04], [0.00413, 54657.66], [0.00412, 9264.34], [0.00344, 291407.26], [0.00343, 10718.13], [0.003, 16699.96], [0.00285, 12280.7], [0.00261, 114942.52], [0.0026, 927353.84], [0.00181, 1012436.46], [0.00167, 2062293.46], [0.0015, 19755.93], [0.00145, 52482.75], [0.00135, 11940.74], [0.00127, 18940.93], [0.00126, 22320.63], [0.00122, 17631.14], [0.00121, 17768.59], [0.0012, 23852.05], [0.00116, 10038.79], [0.00114, 63374.87], [0.00108, 8449.53], [0.00104, 20692.3], [0.00103, 17020.38], [0.00102, 12784.31], [0.00096, 2407907.35], [0.0006, 2430133.31], [0.0001, 50098.16], [4e-05, 125000.0]], "asks": [[0.00576, 18484.28], [0.00577, 10470.08], [0.00606, 2188.28], [0.00607, 1528.81], [0.0061, 8287.25], [0.0066, 1433.12], [0.0067, 3025.83], [0.00742, 20655.74], [0.00743, 2102.7], [0.00912, 1588.71], [0.00952, 14072.16], [0.00985, 27692.52], [0.00986, 628.46], [0.013, 877.8], [0.01308, 1612.78], [0.01312, 1600.8], [0.01332, 6635.54], [0.01387, 10098.2], [0.014, 9241.71], [0.01421, 1536.92], [0.01424, 1741.83], [0.0143, 3167.77], [0.01443, 1681.8], [0.016, 44895.44], [0.01608, 4966.64], [0.01617, 5058.54], [0.01747, 1612.79], [0.01843, 7222.6], [0.01999, 4472.19], [0.02012, 1766.84], [0.02336, 1345.09], [0.026, 213.67], [0.027, 6939.37], [0.02705, 1888.82], [0.03099, 7101.02], [0.031, 22029.42], [0.0395, 218.2], [0.04, 218.19], [0.0453, 121.8], [0.05, 842.36], [0.0501, 200.01], [0.05087, 1189.84], [0.05097, 2408.5], [0.05113, 2408.5], [0.0519, 2410.91], [0.05204, 2410.91], [0.05217, 746.89], [0.0532, 353.35], [0.055, 1848.45], [0.06, 1052.74]]}
{"ts": 1720182693.0, "bids": [[0.00475, 55179.2], [0.00464, 364666.56], [0.00463, 5932.12], [0.00414, 40820.04], [0.00413, 54657.66], [0.00412, 9264.34], [0.00344, 291407.26], [0.00343, 10718.13], [0.003, 16699.96], [0.00285, 12280.7], [0.00261, 114942.52], [0.0026, 927353.84], [0.00181, 1012436.46], [0.00167, 2062293.46], [0.0015, 19755.93], [0.00145, 52482.75], [0.00135, 11940.74], [0.00127, 18940.93], [0.00126, 22320.63], [0.00122, 17631.14], [0.00121, 17768.59], [0.0012, 23852.05], [0.00116, 10038.79], [0.00114, 63374.87], [0.00108, 8449.53], [0.00104, 20692.3], [0.00103, 17020.38], [0.00102, 12784.31], [0.00096, 2407907.35], [0.0006, 2430133.31], [0.0001, 50098.16], [4e-05, 125000.0]], "asks": [[0.00575, 28954.36], [0.00576, 6252.62], [0.00606, 2188.28], [0.00607, 1528.81], [0.0061, 8287.25], [0.0066, 1433.12], [0.0067, 3025.83], [0.00742, 20655.74], [0.00743, 2102.7], [0.00912, 1588.71], [0.00952, 14072.16], [0.00985, 27692.52], [0.00986, 628.46], [0.013, 877.8], [0.01308, 1612.78], [0.01312, 1600.8], [0.01332, 6635.54], [0.01387, 10098.2], [0.014, 9241.71], [0.01421, 1536.92], [0.01424, 1741.83], [0.0143, 3167.77], [0.01443, 1681.8], [0.016, 44895.44], [0.01608, 4966.64], [0.01617, 5058.54], [0.01747, 1612.79], [0.01843, 7222.6], [0.01999, 4472.19], [0.02012, 1766.84], [0.02336, 1345.09], [0.026, 213.67], [0.027, 6939.37], [0.02705, 1888.82], [0.03099, 7101.02], [0.031, 22029.42], [0.0395, 218.2], [0.04, 218.19], [0.0453, 121.8], [0.05, 842.36], [0.0501, 200.01], [0.05087, 1189.84], [0.05097, 2408.5], [0.05113, 2408.5], [0.0519, 2410.91], [0.05204, 2410.91], [0.05217, 746.89], [0.0532, 353.35], [0.055, 1848.45], [0.06, 1052.74]]}
{"ts": 1720182694.0, "bids": [[0.00475, 55179.2], [0.00464, 364666.56], [0.00463, 5932.12], [0.00414, 40820.04], [0.00413, 54657.66], [0.00412, 9264.34], [0.00344, 291407.26], [0.00343, 10718.13], [0.003, 16699.96], [0.00285, 12280.7], [0.00261, 114942.52], [0.0026, 927353.84], [0.00181, 1012436.46], [0.00167, 2062293.46], [0.0015, 19755.93], [0.00145, 52482.75], [0.00135, 11940.74], [0.00127, 18940.93], [0.00126, 22320.63], [0.00122, 17631.14], [0.00121, 17768.59], [0.0012, 23852.05], [0.00116, 10038.79], [0.00114, 63374.87], [0.00108, 8449.53], [0.00104, 20692.3], [0.00103, 17020.38], [0.00102, 12784.31], [0.00096, 2407907.35], [0.0006, 2430133.31], [0.0001, 50098.16], [4e-05, 125000.0]], "asks": [[0.00574, 17202.98], [0.00576, 6252.62], [0.00606, 2188.28], [0.00607, 1528.81], [0.0061, 8287.25], [0.0066, 1433.12], [0.0067, 3025.83], [0.00742, 20655.74], [0.00743, 2102.7], [0.00912, 1588.71], [0.00952, 14072.16], [0.00985, 27692.52], [0.00986, 628.46], [0.013, 877.8], [0.01308, 1612.78], [0.01312, 1600.8], [0.01332, 6635.54], [0.01387, 10098.2], [0.014, 9241.71], [0.01421, 1536.92], [0.01424, 1741.83], [0.0143, 3167.77], [0.01443, 1681.8], [0.016, 44895.44], [0.01608, 4966.64], [0.01617, 5058.54], [0.01747, 1612.79], [0.01843, 7222.6], [0.01999, 4472.19], [0.02012, 1766.84], [0.02336, 1345.09], [0.026, 213.67], [0.027, 6939.37], [0.02705, 1888.82], [0.03099, 7101.02], [0.031, 22029.42], [0.0395, 218.2], [0.04, 218.19], [0.0453, 121.8], [0.05, 842.36], [0.0501, 200.01], [0.05087, 1189.84], [0.05097, 2408.5], [0.05113, 2408.5], [0.0519, 2410.91], [0.05204, 2410.91], [0.05217, 746.89], [0.0532, 353.35], [0.055, 1848.45], [0.06, 1052.74]]}
{"ts": 1720182695.0, "bids": [[0.00475, 55179.2], [0.00464, 364666.56], [0.00463, 5932.12], [0.00414, 40820.04], [0.00413, 54657.66], [0.00412, 9264.34], [0.00344, 291407.26], [0.00343, 10718.13], [0.003, 16699.96], [0.00285, 12280.7], [0.00261, 114942.52], [0.0026, 927353.84], [0.00181, 1012436.46], [0.00167, 2062293.46], [0.0015, 19755.93], [0.00145, 52482.75], [0.00135, 11940.74], [0.00127, 18940.93], [0.00126, 22320.63], [0.00122, 17631.14], [0.00121, 17768.59], [0.0012, 23852.05], [0.00116, 10038.79], [0.00114, 63374.87], [0.00108, 8449.53], [0.00104, 20692.3], [0.00103, 17020.38], [0.00102, 12784.31], [0.00096, 2407907.35], [0.0006, 2430133.31], [0.0001, 50098.16], [4e-05, 125000.0]], "asks": [[0.00573, 18484.28], [0.00574, 6732.9], [0.00607, 1528.81], [0.0061, 8287.25], [0.0066, 1433.12], [0.0067, 3025.83], [0.00742, 20655.74], [0.00743, 2102.7], [0.00912, 1588.71], [0.00952, 14072.16], [0.00985, 27692.52], [0.00986, 628.46], [0.013, 877.8], [0.01308, 1612.78], [0.01312, 1600.8], [0.01332, 6635.54], [0.01387, 10098.2], [0.014, 9241.71], [0.01421, 1536.92], [0.01424, 1741.83], [0.0143, 3167.77], [0.01443, 1681.8], [0.016, 44895.44], [0.01608, 4966.64], [0.01617, 5058.54], [0.01747, 1612.79], [0.01843, 7222.6], [0.01999, 4472.19], [0.02012, 1766.84], [0.02336, 1345.09], [0.026, 213.67], [0.027, 6939.37], [0.02705, 1888.82], [0.03099, 7101.02], [0.031, 22029.42], [0.0395, 218.2], [0.04, 218.19], [0.0453, 121.8], [0.05, 842.36], [0.0501, 200.01], [0.05087, 1189.84], [0.05097, 2408.5], [0.05113, 2408.5], [0.0519, 2410.91], [0.05204, 2410.91], [0.05217, 746.89], [0.0532, 353.35], [0.055, 1848.45], [0.06, 1052.74], [0.0609, 327.86]]}
